@article{Mideoetal.2011,
  title={Bridging scales in the evolution of infectious disease life histories: application},
  author={Mideo, Nicole and Nelson, William A and Reece, Sarah E and Bell, Andrew S and Read, Andrew F and Day, Troy},
  journal={Evolution: International Journal of Organic Evolution},
  volume={65},
  number={11},
  pages={3298--3310},
  year={2011},
  publisher={Wiley Online Library}}
  
@article{Dayetal.2011,
  title={Bridging scales in the evolution of infectious disease life histories: theory},
  author={Day, Troy and Alizon, Samuel and Mideo, Nicole},
  journal={Evolution: International Journal of Organic Evolution},
  volume={65},
  number={12},
  pages={3448--3461},
  year={2011},
  publisher={Wiley Online Library}}

@article{Poullainetal.2008,
  title={The evolution of specificity in evolving and coevolving antagonistic interactions between a bacteria and its phage},
  author={Poullain, Virginie and Gandon, Sylvain and Brockhurst, Michael A and Buckling, Angus and Hochberg, Michael E},
  journal={Evolution: International Journal of Organic Evolution},
  volume={62},
  number={1},
  pages={1--11},
  year={2008},
  publisher={Wiley Online Library}}

@article{AdelmanandHawley2017,
  title={Tolerance of infection: a role for animal behavior, potential immune mechanisms, and consequences for parasite transmission},
  author={Adelman, James S and Hawley, Dana M},
  journal={Hormones and behavior},
  volume={88},
  pages={79--86},
  year={2017},
  publisher={Elsevier}}

@article{Decaesteckeretal.2007,
  title={Host--parasite ‘Red Queen’dynamics archived in pond sediment},
  author={Decaestecker, Ellen and Gaba, Sabrina and Raeymaekers, Joost AM and Stoks, Robby and Van Kerckhoven, Liesbeth and Ebert, Dieter and De Meester, Luc},
  journal={Nature},
  volume={450},
  number={7171},
  pages={870},
  year={2007},
  publisher={Nature Publishing Group}}

@article{Smithetal.2004,
  title={Mapping the antigenic and genetic evolution of influenza virus},
  author={Smith, Derek J and Lapedes, Alan S and de Jong, Jan C and Bestebroer, Theo M and Rimmelzwaan, Guus F and Osterhaus, Albert DME and Fouchier, Ron AM},
  journal={Science},
  volume={305},
  number={5682},
  pages={371--376},
  year={2004},
  publisher={American Association for the Advancement of Science}}

@article{PoullainandNuismer2012,
  title={Infection genetics and the likelihood of host shifts in coevolving host-parasite interactions},
  author={Poullain, Virginie and Nuismer, Scott L},
  journal={The American Naturalist},
  volume={180},
  number={5},
  pages={618--628},
  year={2012},
  publisher={University of Chicago Press Chicago, IL}}

@article{NuismerandOtto2005,
  title={Host--parasite interactions and the evolution of gene expression},
  author={Nuismer, Scott L and Otto, Sarah P},
  journal={PLoS biology},
  volume={3},
  number={7},
  pages={e203},
  year={2005},
  publisher={Public Library of Science}}

@article{AgrawalandLively2002,
  title={Infection genetics: gene-for-gene versus matching-alleles models and all points in between},
  author={Agrawal, Aneil and Lively, Curtis M},
  journal={Evolutionary Ecology Research},
  volume={4},
  number={1},
  pages={91--107},
  year={2002},
  publisher={Evolutionary Ecology, Ltd.}}

@article{Thralletal.2016,
  title={Epidemiological and evolutionary outcomes in gene-for-gene and matching allele models},
  author={Thrall, Peter H and Barrett, Luke G and Dodds, Peter N and Burdon, Jeremy J},
  journal={Frontiers in plant science},
  volume={6},
  pages={1084},
  year={2016},
  publisher={Frontiers}}

@article{Ganusovetal.2002,
  title={Within-host population dynamics and the evolution of microparasites in a heterogeneous host population},
  author={Ganusov, Vitaly V and Bergstrom, Carl T and Antia, Rustom},
  journal={Evolution},
  volume={56},
  number={2},
  pages={213--223},
  year={2002},
  publisher={BioOne}}
  
@article{Gandonetal.2001,
  title={Imperfect vaccines and the evolution of pathogen virulence},
  author={Gandon, Sylvain and Mackinnon, Margaret J and Nee, Sean and Read, Andrew F},
  journal={Nature},
  volume={414},
  number={6865},
  pages={751--756},
  year={2001},
  publisher={Nature Publishing Group}}
  
@article{EbertandHamilton1996,
  title={Sex against virulence: the coevolution of parasitic diseases},
  author={Ebert, Dieter and Hamilton, William D},
  journal={Trends in Ecology \& Evolution},
  volume={11},
  number={2},
  pages={79--82},
  year={1996},
  publisher={Elsevier}}

@article{Weissmanetal.2010,
  title={The rate of fitness-valley crossing in sexual populations},
  author={Weissman, Daniel B and Feldman, Marcus W and Fisher, Daniel S},
  journal={Genetics},
  volume={186},
  number={4},
  pages={1389--1410},
  year={2010},
  publisher={Genetics Soc America}}
 
@article{JainandJoachim2007,
  title={Deterministic and stochastic regimes of asexual evolution on rugged fitness landscapes},
  author={Jain, Kavita and Krug, Joachim},
  journal={Genetics},
  volume={175},
  number={3},
  pages={1275--1288},
  year={2007},
  publisher={Genetics Soc America}}
  
@article{Gokhaleetal.2009,
  title={The pace of evolution across fitness valleys},
  author={Gokhale, Chaitanya S and Iwasa, Yoh and Nowak, Martin A and Traulsen, Arne},
  journal={Journal of Theoretical Biology},
  volume={259},
  number={3},
  pages={613--620},
  year={2009},
  publisher={Elsevier}}

@article{Lipsitchetal.1995,
  title={Host population structure and the evolution of virulence: a “law of diminishing returns”},
  author={Lipsitch, Marc and Herre, Edward Allen and Nowak, Martin A},
  journal={Evolution},
  volume={49},
  number={4},
  pages={743--748},
  year={1995},
  publisher={Wiley Online Library}}

@article{LionandGandon2015,
  title={Evolution of spatially structured host--parasite interactions},
  author={Lion, S{\'e}bastien and Gandon, Sylvain},
  journal={Journal of evolutionary biology},
  volume={28},
  number={1},
  pages={10--28},
  year={2015},
  publisher={Wiley Online Library}}

@article{HaraguchiandSasaki2000,
  title={The evolution of parasite virulence and transmission rate in a spatially structured population},
  author={Haraguchi, Yoshihiro and Sasaki, Akira},
  journal={Journal of Theoretical Biology},
  volume={203},
  number={2},
  pages={85--96},
  year={2000},
  publisher={Elsevier}}

@article{Papkouetal.2016,
  title={Host--parasite coevolution: why changing population size matters},
  author={Papkou, Andrei and Gokhale, Chaitanya S and Traulsen, Arne and Schulenburg, Hinrich},
  journal={Zoology},
  volume={119},
  number={4},
  pages={330--338},
  year={2016},
  publisher={Elsevier}}

@article{Laineetal.2008,
  title={Heterogeneous selection promotes maintenance of polymorphism in host--parasite interactions},
  author={Laine, Anna-Liisa and Tellier, Aur{\'e}lien},
  journal={Oikos},
  volume={117},
  number={9},
  pages={1281--1288},
  year={2008},
  publisher={Wiley Online Library}}

@article{Pugliese2002,
  title={On the evolutionary coexistence of parasite strains},
  author={Pugliese, Andrea},
  journal={Mathematical biosciences},
  volume={177},
  pages={355--375},
  year={2002},
  publisher={Elsevier}}

@article{Ebert1998,
  title={Experimental evolution of parasites},
  author={Ebert, Dieter},
  journal={Science},
  volume={282},
  number={5393},
  pages={1432--1436},
  year={1998},
  publisher={American Association for the Advancement of Science}}

@article{DayandProulx2004,
  title={A general theory for the evolutionary dynamics of virulence},
  author={Day, Troy and Proulx, Stephen R},
  journal={The American Naturalist},
  volume={163},
  number={4},
  pages={E40--E63},
  year={2004},
  publisher={The University of Chicago Press}}

@book{Bushetal.2001,
  title={Parasitism: the diversity and ecology of animal parasites},
  author={Bush, Albert O and Fern{\'a}ndez, Jacqueline C and Esch, Gerald W and Seed, J Richard},
  year={2001},
  publisher={Cambridge University Press}}

@Article{Soetaertetal.2010,
    title = {Solving Differential Equations in R: Package deSolve},
    author = {Karline Soetaert and Thomas Petzoldt and R. Woodrow
      Setzer},
    journal = {Journal of Statistical Software},
    volume = {33},
    number = {9},
    pages = {1--25},
    year = {2010},
    coden = {JSSOBK},
    issn = {1548-7660},
    url = {http://www.jstatsoft.org/v33/i09},
    doi = {10.18637/jss.v033.i09},
    keywords = {ordinary differential equations, partial differential
      equations, differential algebraic equations, initial value
      problems, R, FORTRAN, C}}
      
@Manual{Rcoreteam,
  title        = {R: A Language and Environment for Statistical
                  Computing},
  author       = {{R Core Team}},
  organization = {R Foundation for Statistical Computing},
  address      = {Vienna, Austria},
  year         = 2019,
  url          = {https://www.R-project.org}} 
  
@Article{SoetaertandMeysman2012,
    title = {Reactive transport in aquatic ecosystems: Rapid model
      prototyping in the open source software R},
    author = {Karline Soetaert and Filip Meysman},
    journal = {Environmental Modelling & Software},
    year = {2012},
    volume = {32},
    pages = {49--60}}

@article{DeRoos1988,
  title={Numerical methods for structured population models: the escalator boxcar train},
  author={De Roos, AM},
  journal={Numerical methods for partial differential equations},
  volume={4},
  number={3},
  pages={173--195},
  year={1988},
  publisher={Wiley Online Library}}

@article{Kainetal.2018,
  title={The evolutionary response of virulence to host heterogeneity: a general model with application to myxomatosis in rabbits co-infected with intestinal helminths},
  author={Kain, Morgan P and Cattadori, Isabella M and Bolker, Benjamin M},
  journal={Evolutionary Ecology Research},
  volume={19},
  number={3},
  pages={257--278},
  year={2018},
  publisher={Evolutionary Ecology, Ltd.}}

@article{Parsonsetal.2018,
  title={Pathogen evolution in finite populations: slow and steady spreads the best},
  author={Parsons, Todd L and Lambert, Amaury and Day, Troy and Gandon, Sylvain},
  journal={Journal of The Royal Society Interface},
  volume={15},
  number={147},
  pages={20180135},
  year={2018},
  publisher={The Royal Society}}

@article{Dieckmann2002,
  title={Adaptive dynamics of pathogen-host interactions},
  author={Dieckmann, Ulf},
  year={2002},
  publisher={IR-02-007}}

@article{Bestetal.2014,
  title={The coevolutionary implications of host tolerance},
  author={Best, Alex and White, Andy and Boots, Mike},
  journal={Evolution},
  volume={68},
  number={5},
  pages={1426--1435},
  year={2014},
  publisher={Wiley Online Library}}

@article{Blanieetal.2009,
  title={M148R and M149R are two virulence factors for myxoma virus pathogenesis in the European rabbit},
  author={Blani{\'e}, Sophie and Mortier, J{\'e}r{\'e}my and Delverdier, Maxence and Bertagnoli, St{\'e}phane and Camus-Bouclainville, Christelle},
  journal={Veterinary research},
  volume={40},
  number={1},
  pages={1},
  year={2009},
  publisher={EDP Sciences}}

@article{Flemingetal.2018,
  title={Incomplete host immunity favors the evolution of virulence in an emergent pathogen},
  author={Fleming-Davies, Arietta E and Williams, Paul D and Dhondt, Andr{\'e} A and Dobson, Andrew P and Hochachka, Wesley M and Leon, Ariel E and Ley, David H and Osnas, Erik E and Hawley, Dana M},
  journal={Science},
  volume={359},
  number={6379},
  pages={1030--1033},
  year={2018},
  publisher={American Association for the Advancement of Science}}
  
@article{Ewald1983,
  title={Host-parasite relations, vectors, and the evolution of disease severity},
  author={Ewald, Paul W},
  journal={Annual Review of Ecology and Systematics},
  volume={14},
  number={1},
  pages={465--485},
  year={1983},
  publisher={Annual Reviews 4139 El Camino Way, PO Box 10139, Palo Alto, CA 94303-0139, USA}}
  
@article{Soaresetal.2017,
  title={Disease tolerance and immunity in host protection against infection},
  author={Soares, Miguel P and Teixeira, Luis and Moita, Luis F},
  journal={Nature Reviews Immunology},
  volume={17},
  number={2},
  pages={83},
  year={2017},
  publisher={Nature Publishing Group}}
  
@article{Duffyetal.2009,
  title={Rapid evolution, seasonality, and the termination of parasite epidemics},
  author={Duffy, Meghan A and Hall, Spencer R and C{\'a}ceres, Carla E and Ives, Anthony R},
  journal={Ecology},
  volume={90},
  number={6},
  pages={1441--1448},
  year={2009},
  publisher={Wiley Online Library}}
  
@article{Diekmann2002,
  title={A beginners guide to adaptive dynamics},
  author={Diekmann, Odo},
  journal={Summer School on Mathematical Biology},
  pages={63--100},
  year={2002},
  publisher={CIM}}
  
@article{Lion2018,
  title={Theoretical approaches in evolutionary ecology: environmental feedback as a unifying perspective},
  author={Lion, S{\'e}bastien},
  journal={The American Naturalist},
  volume={191},
  number={1},
  pages={21--44},
  year={2018},
  publisher={University of Chicago Press Chicago, IL}}
  
@article{LionandMetz2018,
  title={Beyond R 0 maximisation: on pathogen evolution and environmental dimensions},
  author={Lion, S{\'e}bastien and Metz, Johan AJ},
  journal={Trends in ecology \& evolution},
  year={2018},
  publisher={Elsevier}}
  
@article{SchneiderandAyres2008,
  title={Two ways to survive infection: what resistance and tolerance can teach us about treating infectious diseases},
  author={Schneider, David S and Ayres, Janelle S},
  journal={Nature Reviews Immunology},
  volume={8},
  number={11},
  pages={889},
  year={2008},
  publisher={Nature Publishing Group}}
  
@article{KutzerandArmitage2016,
  title={Maximising fitness in the face of parasites: a review of host tolerance},
  author={Kutzer, Megan AM and Armitage, Sophie AO},
  journal={Zoology},
  volume={119},
  number={4},
  pages={281--289},
  year={2016},
  publisher={Elsevier}}
  
@article{Frickeletal.2016,
  title={Eco-evolutionary dynamics in a coevolving host--virus system},
  author={Frickel, Jens and Sieber, Michael and Becks, Lutz},
  journal={Ecology letters},
  volume={19},
  number={4},
  pages={450--459},
  year={2016},
  publisher={Wiley Online Library}}
  
@article{Frickeletal.2018,
  title={Population size changes and selection drive patterns of parallel evolution in a host--virus system},
  author={Frickel, Jens and Feulner, Philine GD and Karakoc, Emre and Becks, Lutz},
  journal={Nature communications},
  volume={9},
  year={2018},
  publisher={Nature Publishing Group}}
  
  @MISC(Halliday2013,
  AUTHOR = "Fletcher Halliday",
  MONTH = "Oct. 29",
  YEAR = 2013,
  HOWPUBLISHED = {\url{http://www.biodiverseperspectives.com/2014/03/11/diverse-introspectives-with-tony-ives/}})

@article{Abbasetal.1996,
  title={Functional diversity of helper T lymphocytes},
  author={Abbas, Abul K and Murphy, Kenneth M and Sher, Alan},
  journal={Nature},
  volume={383},
  number={6603},
  pages={787},
  year={1996},
  publisher={Nature Publishing Group}}

@article{Alizon2008,
  title={Transmission-recovery trade-offs to study parasite evolution},
  author={Alizon, Samuel},
  journal={The American Naturalist},
  volume={172},
  number={3},
  pages={E113--E121},
  year={2008},
  publisher={The University of Chicago Press}}

@article{AlizonandMichalakis2015,
  title={Adaptive virulence evolution: the good old fitness-based approach},
  author={Alizon, Samuel and Michalakis, Yannis},
  journal={Trends in ecology \& evolution},
  volume={30},
  number={5},
  pages={248--254},
  year={2015},
  publisher={Elsevier}}

@article{Alizonetal.2009,
  title={Virulence evolution and the trade-off hypothesis: history, current state of affairs and the future},
  author={Alizon, S and Hurford, A and Mideo, N and Van Baalen, M},
  journal={Journal of evolutionary biology},
  volume={22},
  number={2},
  pages={245--259},
  year={2009},
  publisher={Wiley Online Library}}

@article{AlizonandvanBaalen2005,
  title={Emergence of a convex trade-off between transmission and virulence},
  author={Alizon, Samuel and van Baalen, Minus},
  journal={The American Naturalist},
  volume={165},
  number={6},
  pages={E155--E167},
  year={2005},
  publisher={The University of Chicago Press}}

@article{AndersonandMay1982,
  title={Coevolution of hosts and parasites},
  author={Anderson, Roy M and May, RM},
  journal={Parasitology},
  volume={85},
  number={02},
  pages={411--426},
  year={1982},
  publisher={Cambridge Univ Press}}

@article{Arnoldetal.2001,
  title={The adaptive landscape as a conceptual bridge between micro-and macroevolution},
  author={Arnold, Stevan J and Pfrender, Michael E and Jones, Adam G},
  journal={Genetica},
  volume={112},
  number={1},
  pages={9--32},
  year={2001},
  publisher={Springer}}

@article{Auldetal.2012,
  title={Epidemiology of a Daphnia-multiparasite system and its implications for the Red Queen},
  author={Auld, Stuart KJR and Hall, Spencer R and Duffy, Meghan A},
  journal={PLoS One},
  volume={7},
  number={6},
  pages={e39564},
  year={2012},
  publisher={Public Library of Science}}

@article{Auldetal.2014,
  title={Predators and patterns of within-host growth can mediate both among-host competition and evolution of transmission potential of parasites},
  author={Auld, Stuart KJR and Hall, Spencer R and Housley Ochs, Jessica and Sebastian, Mathew and Duffy, Meghan A},
  journal={The American Naturalist},
  volume={184},
  number={S1},
  pages={S77--S90},
  year={2014},
  publisher={University of Chicago Press Chicago, IL}}

@article{Ball1943,
  title={Parasitism and evolution},
  author={Ball, Gordon H},
  journal={The American Naturalist},
  volume={77},
  number={771},
  pages={345--364},
  year={1943},
  publisher={Science Press}}

@article{Berngruberetal.2015,
  title={Spatial structure, transmission modes and the evolution of viral exploitation strategies},
  author={Berngruber, Thomas W and Lion, S{\'e}bastien and Gandon, Sylvain},
  journal={PLoS Pathog},
  volume={11},
  number={4},
  pages={e1004810},
  year={2015},
  publisher={Public Library of Science}}

@article{Bestetal.2011,
  title={Host resistance and coevolution in spatially structured populations},
  author={Best, Alex and Webb, Steve and White, Andy and Boots, Mike},
  journal={Proceedings of the Royal Society of London B: Biological Sciences},
  volume={278},
  number={1715},
  pages={2216--2222},
  year={2011},
  publisher={The Royal Society}}

@article{Bestetal.2008,
  title={Maintenance of host variation in tolerance to pathogens and parasites},
  author={Best, A and White, A and Boots, M},
  journal={Proceedings of the National Academy of Sciences},
  volume={105},
  number={52},
  pages={20786--20791},
  year={2008},
  publisher={National Acad Sciences}}

@article{Bolkeretal.2010,
  title={Transient virulence of emerging pathogens},
  author={Bolker, Benjamin M and Nanda, Arjun and Shah, Dharmini},
  journal={Journal of the Royal Society Interface},
  volume={7},
  number={46},
  pages={811--822},
  year={2010},
  publisher={The Royal Society}}

@article{Bonhoefferetal.1996,
  title={The curse of the pharaoh: the evolution of virulence in pathogens with long living propagules},
  author={Bonhoeffer, Sebastian and Lenski, Richard E and Ebert, Dieter},
  journal={Proceedings of the Royal Society of London B: Biological Sciences},
  volume={263},
  number={1371},
  pages={715--721},
  year={1996},
  publisher={The Royal Society}}

@article{Boots2008,
  title={Fight or learn to live with the consequences?},
  author={Boots, Michael},
  journal={Trends in ecology \& evolution},
  volume={23},
  number={5},
  pages={248--250},
  year={2008},
  publisher={Elsevier}}

@article{BootsandMealor2007,
  title={Local interactions select for lower pathogen infectivity},
  author={Boots, Michael and Mealor, Michael},
  journal={Science},
  volume={315},
  number={5816},
  pages={1284--1286},
  year={2007},
  publisher={American Association for the Advancement of Science}}

@article{BootsandSasaki1999,
  title={‘Small worlds’ and the evolution of virulence: infection occurs locally and at a distance},
  author={Boots, Michael and Sasaki, Akira},
  journal={Proceedings of the Royal Society of London B: Biological Sciences},
  volume={266},
  number={1432},
  pages={1933--1938},
  year={1999},
  publisher={The Royal Society}}

@article{Brownetal.2012,
  title={Evolution of virulence in opportunistic pathogens: generalism, plasticity, and control},
  author={Brown, Sam P and Cornforth, Daniel M and Mideo, Nicole},
  journal={Trends in microbiology},
  volume={20},
  number={7},
  pages={336--342},
  year={2012},
  publisher={Elsevier}}

@article{BullandLauring2014,
  title={Theory and empiricism in virulence evolution},
  author={Bull, James J and Lauring, Adam S},
  journal={PLoS pathogens},
  volume={10},
  number={10},
  pages={e1004387},
  year={2014},
  publisher={Public Library of Science}}

@article{Caceresetal.2009,
  title={Predator--spreaders: predation can enhance parasite success in a planktonic host--parasite system},
  author={C{\'a}ceres, Carla E and Knight, Christine J and Hall, Spencer R},
  journal={Ecology},
  volume={90},
  number={10},
  pages={2850--2858},
  year={2009},
  publisher={Wiley Online Library}}

@article{Cattadorietal.2007,
  title={Variation in host susceptibility and infectiousness generated by co-infection: the myxoma--Trichostrongylus retortaeformis case in wild rabbits},
  author={Cattadori, Isabella M and Albert, R{\'e}ka and Boag, Brian},
  journal={Journal of the Royal Society Interface},
  volume={4},
  number={16},
  pages={831--840},
  year={2007},
  publisher={The Royal Society}}

@article{Clercetal.2015,
  title={Expression of parasite genetic variation changes over the course of infection: implications of within-host dynamics for the evolution of virulence},
  author={Clerc, Melanie and Ebert, Dieter and Hall, Matthew D},
  journal={Proceedings of the Royal Society of London B: Biological Sciences},
  volume={282},
  number={1804},
  pages={20142820},
  year={2015},
  publisher={The Royal Society}}

@book{Combes2001,
  title={Parasitism: the ecology and evolution of intimate interactions},
  author={Combes, Claude},
  year={2001},
  publisher={University of Chicago Press}}

@article{Cressleretal.2014,
  title={Starvation reveals the cause of infection-induced castration and gigantism},
  author={Cressler, Clayton E and Nelson, William A and Day, Troy and McCauley, Edward},
  journal={Proceedings of the Royal Society of London B: Biological Sciences},
  volume={281},
  number={1792},
  pages={20141087},
  year={2014},
  publisher={The Royal Society}}

@article{Cressleretal.2016,
  title={The adaptive evolution of virulence: a review of theoretical predictions and empirical tests},
  author={Cressler, Clayton E and McLeoD, David V and Rozins, Carly and Van Den Hoogen, Jos{\'e}e and Day, Troy},
  journal={Parasitology},
  volume={143},
  number={07},
  pages={915--930},
  year={2016},
  publisher={Cambridge Univ Press}}

@article{Decaesteckeretal.2007,
  title={Host--parasite ‘Red Queen’dynamics archived in pond sediment},
  author={Decaestecker, Ellen and Gaba, Sabrina and Raeymaekers, Joost AM and Stoks, Robby and Van Kerckhoven, Liesbeth and Ebert, Dieter and De Meester, Luc},
  journal={Nature},
  volume={450},
  number={7171},
  pages={870--873},
  year={2007},
  publisher={Nature publishing group}}

@article{DeRoodeetal.2008,
  title={Virulence-transmission trade-offs and population divergence in virulence in a naturally occurring butterfly parasite},
  author={De Roode, Jacobus C and Yates, Andrew J and Altizer, Sonia},
  journal={Proceedings of the National Academy of Sciences},
  volume={105},
  number={21},
  pages={7489--7494},
  year={2008},
  publisher={National Acad Sciences}}

@article{Doumayrouetal.2013,
  title={AN EXPERIMENTAL TEST OF THE TRANSMISSION-VIRULENCE TRADE-OFF HYPOTHESIS IN A PLANT VIRUS},
  author={Doumayrou, Juliette and Avellan, Astrid and Froissart, R{\'e}my and Michalakis, Yannis},
  journal={Evolution},
  volume={67},
  number={2},
  pages={477--486},
  year={2013},
  publisher={Wiley Online Library}}

@article{DuffyandHall2008,
  title={Selective predation and rapid evolution can jointly dampen effects of virulent parasites on Daphnia populations},
  author={Duffy, Meghan A and Hall, Spencer R},
  journal={The American Naturalist},
  volume={171},
  number={4},
  pages={499--510},
  year={2008},
  publisher={The University of Chicago Press}}

@article{DuffyandSivars-Becker2007,
  title={Rapid evolution and ecological host--parasite dynamics},
  author={Duffy, Meghan A and Sivars-Becker, Lena},
  journal={Ecology Letters},
  volume={10},
  number={1},
  pages={44--53},
  year={2007},
  publisher={Wiley Online Library}}
  
 @article{Duffyetal.2012,
  title={Ecological context influences epidemic size and parasite-driven evolution},
  author={Duffy, Meghan A and Ochs, Jessica Housley and Penczykowski, Rachel M and Civitello, David J and Klausmeier, Christopher A and Hall, Spencer R},
  journal={Science},
  volume={335},
  number={6076},
  pages={1636--1638},
  year={2012},
  publisher={American Association for the Advancement of Science}}

@article{Duncanetal.2006,
  title={Parasite-mediated selection and the role of sex and diapause in Daphnia},
  author={Duncan, AB and Mitchell, SE and Little, TJ},
  journal={Journal of evolutionary biology},
  volume={19},
  number={4},
  pages={1183--1189},
  year={2006},
  publisher={Wiley Online Library}}

@article{Duneauetal.2011,
  title={Resolving the infection process reveals striking differences in the contribution of environment, genetics and phylogeny to host-parasite interactions},
  author={Duneau, David and Luijckx, Pepijn and Ben-Ami, Frida and Laforsch, Christian and Ebert, Dieter},
  journal={BMC biology},
  volume={9},
  number={1},
  pages={11},
  year={2011},
  publisher={BioMed Central}}

@article{Dunsmore1966,
  title={Nematode parasites of free-living rabbits, Oryctolagus cuniculus (L.) in eastern Australia},
  author={Dunsmore, JD},
  journal={Australian Journal of Zoology},
  volume={14},
  number={2},
  pages={185--199},
  year={1966},
  publisher={CSIRO}}

@article{EbertandBull2003,
  title={Challenging the trade-off model for the evolution of virulence: is virulence management feasible?},
  author={Ebert, Dieter and Bull, James J},
  journal={Trends in microbiology},
  volume={11},
  number={1},
  pages={15--20},
  year={2003},
  publisher={Elsevier}}

@article{Ebertetal.2004,
  title={The evolution of virulence when parasites cause host castration and gigantism},
  author={Ebert, Dieter and Joachim Carius, Hans and Little, Tom and Decaestecker, Ellen},
  journal={the american naturalist},
  volume={164},
  number={S5},
  pages={S19--S32},
  year={2004},
  publisher={The University of Chicago Press}}

@article{FennerandMarshall1957,
  title={A comparison of the virulence for {European rabbits} {(\emph{Oryctolagus cuniculus})} of strains of myxoma virus recovered in the field in Australia, Europe and America},
  author={Fenner, Frank and Marshall, ID},
  journal={Journal of Hygiene},
  volume={55},
  number={02},
  pages={149--191},
  year={1957},
  publisher={Cambridge Univ Press}}

@article{Frank1996,
  title={Models of parasite virulence},
  author={Frank, Steven A},
  journal={The Quarterly review of biology},
  volume={71},
  number={1},
  pages={37--78},
  year={1996},
  publisher={University of Chicago Press}}

@article{FrankandSchmid-Hempel2008,
  title={Mechanisms of pathogenesis and the evolution of parasite virulence},
  author={Frank, SA and Schmid-Hempel, P},
  journal={Journal of evolutionary biology},
  volume={21},
  number={2},
  pages={396--404},
  year={2008},
  publisher={Wiley Online Library}}

@article{Fraseretal.2007,
  title={Variation in HIV-1 set-point viral load: epidemiological analysis and an evolutionary hypothesis},
  author={Fraser, Christophe and Hollingsworth, T D{\'e}irdre and Chapman, Ruth and de Wolf, Frank and Hanage, William P},
  journal={Proceedings of the National Academy of Sciences},
  volume={104},
  number={44},
  pages={17441--17446},
  year={2007},
  publisher={National Acad Sciences}}

@article{Gandon2004,
  title={Evolution of multihost parasites},
  author={Gandon, Sylvain},
  journal={Evolution},
  volume={58},
  number={3},
  pages={455--469},
  year={2004},
  publisher={BioOne}}

@article{Ganusovetal.2002,
  title={Within-host population dynamics and the evolution of microparasites in a heterogeneous host population},
  author={Ganusov, Vitaly V and Bergstrom, Carl T and Antia, Rustom},
  journal={Evolution},
  volume={56},
  number={2},
  pages={213--223},
  year={2002},
  publisher={BioOne}}

@article{GilchristandSasaki2002,
  title={Modeling host--parasite coevolution: a nested approach based on mechanistic models},
  author={Gilchrist, Michael A and Sasaki, Akira},
  journal={Journal of Theoretical Biology},
  volume={218},
  number={3},
  pages={289--308},
  year={2002},
  publisher={Elsevier}}

@article{Grahametal.2011,
  title={Fitness consequences of immune responses: strengthening the empirical framework for ecoimmunology},
  author={Graham, Andrea L and Shuker, David M and Pollitt, Laura C and Auld, Stuart KJR and Wilson, Alastair J and Little, Tom J},
  journal={Functional Ecology},
  volume={25},
  number={1},
  pages={5--17},
  year={2011},
  publisher={Wiley Online Library}}

@article{Halletal.2010,
  title={Variation in resource acquisition and use among host clones creates key epidemiological trade-offs},
  author={Hall, Spencer R and Becker, Claes R and Duffy, Meghan A and C{\'a}ceres, Carla E},
  journal={The American Naturalist},
  volume={176},
  number={5},
  pages={557--565},
  year={2010},
  publisher={The University of Chicago Press}}

@article{HandelandRohani2015,
  title={Crossing the scale from within-host infection dynamics to between-host transmission fitness: a discussion of current assumptions and knowledge},
  author={Handel, Andreas and Rohani, Pejman},
  journal={Phil. Trans. R. Soc. B},
  volume={370},
  number={1675},
  pages={20140302},
  year={2015},
  publisher={The Royal Society}}

@article{Kerretal.2004,
  title={Expression of rabbit IL-4 by recombinant myxoma viruses enhances virulence and overcomes genetic resistance to myxomatosis},
  author={Kerr, PJ and Perkins, HD and Inglis, Barbara and Stagg, Rob and McLaughlin, E and Collins, SV and Van Leeuwen, BH},
  journal={Virology},
  volume={324},
  number={1},
  pages={117--128},
  year={2004},
  publisher={Elsevier}}

@article{Kerretal.2010,
  title={Molecular and serological analysis of the epidemiology of myxoma virus in rabbits},
  author={Kerr, PJ and Hone, J and Perrin, L and French, N and Williams, CK},
  journal={Veterinary microbiology},
  volume={143},
  number={2},
  pages={167--178},
  year={2010},
  publisher={Elsevier}}

@article{Kerretal.2012,
  title={Evolutionary history and attenuation of myxoma virus on two continents},
  author={Kerr, Peter J and Ghedin, Elodie and DePasse, Jay V and Fitch, Adam and Cattadori, Isabella M and Hudson, Peter J and Tscharke, David C and Read, Andrew F and Holmes, Edward C},
  journal={PLoS Pathog},
  volume={8},
  number={10},
  pages={e1002950},
  year={2012},
  publisher={Public Library of Science}}

@article{Kerretal.2015,
  title={Myxoma virus and the Leporipoxviruses: an evolutionary paradigm},
  author={Kerr, Peter J and Liu, June and Cattadori, Isabella and Ghedin, Elodie and Read, Andrew F and Holmes, Edward C},
  journal={Viruses},
  volume={7},
  number={3},
  pages={1020--1061},
  year={2015},
  publisher={Multidisciplinary Digital Publishing Institute}}

@article{Kingetal.2009,
  title={Evolution of acute infections and the invasion-persistence trade-off},
  author={King, Aaron A and Shrestha, Sourya and Harvill, Eric T and Bj{\o}rnstad, Ottar N},
  journal={The American Naturalist},
  volume={173},
  number={4},
  pages={446--455},
  year={2009},
  publisher={The University of Chicago Press}}

@article{Kingetal.2013,
  title={The bacterial parasite Pasteuria ramosa is not killed if it fails to infect: implications for coevolution},
  author={King, Kayla C and Auld, Stuart KJR and Wilson, Philip J and James, Janna and Little, Tom J},
  journal={Ecology and evolution},
  volume={3},
  number={2},
  pages={197--203},
  year={2013},
  publisher={Wiley Online Library}}

@article{Kniskernetal.2011,
  title={Maladaptation in wild populations of the generalist plant pathogen Pseudomonas syringae},
  author={Kniskern, Joel M and Barrett, Luke G and Bergelson, Joy},
  journal={Evolution},
  volume={65},
  number={3},
  pages={818--830},
  year={2011},
  publisher={Wiley Online Library}}

@misc{Kostitzin1934,
  title={Symbiose, Parasitisme et Evolution (Etude Math{\'e}matique) Hermann},
  author={Kostitzin, VA},
  year={1934},
  publisher={Paris}}

@article{LevinandBull1994,
  title={Short-sighted evolution and the virulence of pathogenic microorganisms},
  author={Levin, Bruce R and Bull, James J},
  journal={Trends in microbiology},
  volume={2},
  number={3},
  pages={76--81},
  year={1994},
  publisher={Elsevier}}

@article{LevinandEden1990,
  title={Selection and evolution of virulence in bacteria: an ecumenical excursion and modest suggestion},
  author={Levin, BR and Eden, C Svanborg},
  journal={Parasitology},
  volume={100},
  number={S1},
  pages={S103--S115},
  year={1990},
  publisher={Cambridge University Press}}

@article{LevinandPimentel1981,
  title={Selection of intermediate rates of increase in parasite-host systems},
  author={Levin, Simon and Pimentel, David},
  journal={The American Naturalist},
  volume={117},
  number={3},
  pages={308--315},
  year={1981},
  publisher={University of Chicago Press}}

@article{Luijckxetal.2013,
  title={A matching-allele model explains host resistance to parasites},
  author={Luijckx, Pepijn and Fienberg, Harris and Duneau, David and Ebert, Dieter},
  journal={Current biology},
  volume={23},
  number={12},
  pages={1085--1088},
  year={2013},
  publisher={Elsevier}}

@article{DePaepeandTaddei2006,
  title={Viruses' life history: towards a mechanistic basis of a trade-off between survival and reproduction among phages},
  author={De Paepe, Marianne and Taddei, Fran{\c{c}}ois},
  journal={PLoS Biol},
  volume={4},
  number={7},
  pages={e193},
  year={2006},
  publisher={Public Library of Science}}

@article{Mideoetal.2011,
  title={Bridging scales in the evolution of infectious disease life histories: application},
  author={Mideo, Nicole and Nelson, William A and Reece, Sarah E and Bell, Andrew S and Read, Andrew F and Day, Troy},
  journal={Evolution},
  volume={65},
  number={11},
  pages={3298--3310},
  year={2011},
  publisher={Wiley Online Library}}

@article{MorozovandAdamson2011,
  title={Evolution of virulence driven by predator--prey interaction: possible consequences for population dynamics},
  author={Morozov, A Yu and Adamson, MW},
  journal={Journal of theoretical biology},
  volume={276},
  number={1},
  pages={181--191},
  year={2011},
  publisher={Elsevier}}

@article{MorozovandBest2012,
  title={Predation on infected host promotes evolutionary branching of virulence and pathogens' biodiversity},
  author={Morozov, Andrew and Best, Alex},
  journal={Journal of theoretical biology},
  volume={307},
  pages={29--36},
  year={2012},
  publisher={Elsevier}}

@article{O'keefeandAntonovics2002,
  title={Playing by different rules: the evolution of virulence in sterilizing pathogens},
  author={O’Keefe, Kara J and Antonovics, Janis},
  journal={The American Naturalist},
  volume={159},
  number={6},
  pages={597--605},
  year={2002},
  publisher={The University of Chicago Press}}

@article{OsnasandDobson2012,
  title={EVOLUTION OF VIRULENCE IN HETEROGENEOUS HOST COMMUNITIES UNDER MULTIPLE TRADE-OFFS},
  author={Osnas, Erik E and Dobson, Andrew P},
  journal={Evolution},
  volume={66},
  number={2},
  pages={391--401},
  year={2012},
  publisher={Wiley Online Library}}

@article{Penczykowskietal.2016,
  title={Understanding the ecology and evolution of host--parasite interactions across scales},
  author={Penczykowski, Rachel M and Laine, Anna-Liisa and Koskella, Britt},
  journal={Evolutionary applications},
  volume={9},
  number={1},
  pages={37--52},
  year={2016},
  publisher={Wiley Online Library}}

@article{Pugliese2011,
  title={The role of host population heterogeneity in the evolution of virulence},
  author={Pugliese, Andrea},
  journal={Journal of biological dynamics},
  volume={5},
  number={2},
  pages={104--119},
  year={2011},
  publisher={Taylor \& Francis}}

@article{RaptiandCaceres2016,
  title={Effects of Intrinsic and Extrinsic Host Mortality on Disease Spread},
  author={Rapti, Z and C{\'a}ceres, CE},
  journal={Bulletin of mathematical biology},
  volume={78},
  number={2},
  pages={235--253},
  year={2016},
  publisher={Springer}}

@article{ReadandKeeling2006,
  title={Disease evolution across a range of spatio-temporal scales},
  author={Read, Jonathan M and Keeling, Matt J},
  journal={Theoretical population biology},
  volume={70},
  number={2},
  pages={201--213},
  year={2006},
  publisher={Elsevier}}

@article{Regoesetal.2000,
  title={Evolution of virulence in a heterogeneous host population},
  author={Regoes, Roland R and Nowak, Martin A and Bonhoeffer, Sebastian},
  journal={Evolution},
  volume={54},
  number={1},
  pages={64--71},
  year={2000},
  publisher={BioOne}}

@article{RestifandKoella2004,
  title={Concurrent evolution of resistance and tolerance to pathogens},
  author={Restif, Olivier and Koella, Jacob C},
  journal={The American Naturalist},
  volume={164},
  number={4},
  pages={E90--E102},
  year={2004},
  publisher={The University of Chicago Press}}

@article{Rigaudetal.2010,
  title={Parasite and host assemblages: embracing the reality will improve our knowledge of parasite transmission and virulence},
  author={Rigaud, Thierry and Perrot-Minnot, Marie-Jeanne and Brown, Mark JF},
  journal={Proceedings of the Royal Society of London B: Biological Sciences},
  volume={277},
  number={1701},
  pages={3693--3702},
  year={2010},
  publisher={The Royal Society}}

@article{Ruizetal.2012,
  title={Dynamic transmission, host quality, and population structure in a multihost parasite of bumblebees},
  author={Ruiz-Gonz{\'a}lez, Mario X and Bryden, John and Moret, Yannick and Reber-Funk, Christine and Schmid-Hempel, Paul and Brown, Mark JF},
  journal={Evolution},
  volume={66},
  number={10},
  pages={3053--3066},
  year={2012},
  publisher={Wiley Online Library}}

@article{RutrechtandBrown2009,
  title={Differential virulence in a multiple-host parasite of bumble bees: resolving the paradox of parasite survival?},
  author={Rutrecht, Samina T and Brown, Mark JF},
  journal={Oikos},
  volume={118},
  number={6},
  pages={941--949},
  year={2009},
  publisher={Wiley Online Library}}

@article{Searleetal.2015,
  title={Plasticity, not genetic variation, drives infection success of a fungal parasite},
  author={Searle, CL and Ochs, JH and C{\'a}ceres, CE and Chiang, SL and Gerardo, NM and Hall, SR and Duffy, MA},
  journal={Parasitology},
  volume={142},
  number={06},
  pages={839--848},
  year={2015},
  publisher={Cambridge Univ Press}}

@article{Straussetal.2015,
  title={Success, failure and ambiguity of the dilution effect among competitors},
  author={Strauss, Alexander T and Civitello, David J and C{\'a}ceres, Carla E and Hall, Spencer R},
  journal={Ecology letters},
  volume={18},
  number={9},
  pages={916--926},
  year={2015},
  publisher={Wiley Online Library}}

@article{Straussetal.2016,
  title={Habitat, predators, and hosts regulate disease in Daphnia through direct and indirect pathways},
  author={Strauss, Alexander T and Shocket, Marta S and Civitello, David J and Hite, Jessica L and Penczykowski, Rachel M and Duffy, Meghan A and C{\'a}ceres, Carla E and Hall, Spencer R},
  journal={Ecological Monographs},
  volume={86},
  number={4},
  pages={393--411},
  year={2016},
  publisher={Wiley Online Library}}

@article{ToorandBest2015,
  title={The evolution of host resistance to disease in the presence of predators},
  author={Toor, Jaspreet and Best, Alex},
  journal={Journal of theoretical biology},
  volume={365},
  pages={104--111},
  year={2015},
  publisher={Elsevier}}

@article{Weiss2002,
  title={Virulence and pathogenesis},
  author={Weiss, Robin A},
  journal={Trends in microbiology},
  volume={10},
  number={7},
  pages={314--317},
  year={2002},
  publisher={Elsevier}}

@article{Williams2011,
  title={New insights into virulence evolution in multigroup hosts},
  author={Williams, Paul David},
  journal={The American Naturalist},
  volume={179},
  number={2},
  pages={228--239},
  year={2011},
  publisher={University of Chicago Press Chicago, IL}}

@article{Aitken1977,
	Author = {Aitken, THG},
	Journal = {Mosquito News},
	Number = {1},
	Pages = {130-133},
	Title = {An {{\em in vitro}} feeding technique for artificially demonstrating virus transmission by mosquitoes},
	Volume = {37},
	Year = {1977}}

@article{Andersonetal.2012,
	Author = {Anderson, John F and Main, Andy J and Cheng, Gong and Ferrandino, Francis J and Fikrig, Erol},
	Journal = {The American Journal of Tropical Medicine and Hygiene},
	Number = {1},
	Pages = {134-139},
	Title = {Horizontal and vertical transmission of {West Nile} virus genotype {NY99} by {{\em Culex salinarius}} and genotypes {NY99} and {WN02} by {{\em Culex tarsalis}}},
	Volume = {86},
	Year = {2012}}

@article{Andreadisetal.2014,
	Author = {Andreadis, SS and Dimotsiou, OC and Savopoulou-Soultani, M},
	Journal = {Parisitology Research},
	Number = {11},
	Pages = {4315-4319},
	Title = {Variation in adult longevity of {{\em Culex pipiens f. pipiens}}, vector of the {West Nile Virus}},
	Volume = {113},
	Year = {2014}}

@article{Beasleyetal.2003,
	Author = {Beasley, David WC and Davis, C Todd and Guzman, Hilda and Vanlandingham, Dana L and da Rosa, Amelia PA Travassos and Parsons, Ray E and Higgs, Stephen and Tesh, Robert B and Barrett, Alan DT},
	Journal = {Virology},
	Number = {2},
	Pages = {190-195},
	Title = {Limited evolution of {West Nile} virus has occurred during its southwesterly spread in the {United States}},
	Volume = {309},
	Year = {2003}}

@article{Bhattetal.2013,
	Author = {Bhatt, S and Lam, TT and Lycett, SJ and Brown, AJ Leigh and Bowden, TA and Holmes, EC and Guan, Y and Wood, JLN and Brown, IH and Kellam, P},
	Journal = {Philosophical Transactions of the Royal Society B: Biological Sciences},
	Number = {1614},
	Pages = {20120382},
	Title = {The evolutionary dynamics of influenza {A} virus adaptation to mammalian hosts},
	Volume = {368},
	Year = {2013}}

@article{Bollingetal.2012,
	Author = {Bolling, Bethany G and Olea-Popelka, Francisco J and Eisen, Lars and Moore, Chester G and Blair, Carol D},
	Journal = {Virology},
	Number = {2},
	Pages = {90-97},
	Title = {Transmission dynamics of an insect-specific flavivirus in a naturally infected {{\em Culex pipiens}} laboratory colony and effects of co-infection on vector competence for {West Nile} virus},
	Volume = {427},
	Year = {2012}}

@article{Brault2009,
	Author = {Brault, Aaron C},
	Journal = {Veterinary Research},
	Number = {2},
	Pages = {1-19},
	Title = {Changing patterns of {West Nile} virus transmission: altered vector competence and host susceptibility},
	Volume = {40},
	Year = {2009}}

@article{Braultetal.2007,
	Author = {Brault, Aaron C and Huang, Claire YH and Langevin, Stanley A and Kinney, Richard M and Bowen, Richard A and Ramey, Wanichaya N and Panella, Nicholas A and Holmes, Edward C and Powers, Ann M and Miller, Barry R},
	Journal = {Nature Genetics},
	Number = {9},
	Pages = {1162-1166},
	Title = {A single positively selected {West Nile} viral mutation confers increased virogenesis in {American} crows},
	Volume = {39},
	Year = {2007}}

@article{Braultetal.2004,
	Author = {Brault, Aaron C and Langevin, Stanley A and Bowen, Richard A and Panella, Nicholas A and Biggerstaff, Brad J and Miller, Barry R and Komar, Nicholas},
	Journal = {Emerging Infectious Diseases},
	Number = {12},
	Pages = {2161},
	Title = {Differential virulence of {West Nile} strains for {American} crows},
	Volume = {10},
	Year = {2004}}

@article{Braultetal.2011,
	Author = {Brault, Aaron C and Langevin, Stanley A and Ramey, Wanichaya N and Fang, Ying and Beasley, David WC and Barker, Christopher M and Sanders, Todd A and Reisen, William K and Barrett, Alan DT and Bowen, Richard A},
	Journal = {The American Journal of Tropical Medicine and Hygiene},
	Number = {4},
	Pages = {758-767},
	Title = {Reduced avian virulence and viremia of {West Nile} virus isolates from {Mexico} and {Texas}},
	Volume = {85},
	Year = {2011}}

@article{Brieseetal.2002,
	Author = {Briese, Thomas and Rambaut, Andrew and Pathmajeyan, Melissa and Bishara, Jihad and Weinberger, Miriam and Pitlik, Silvio and Lipkin, W Ian},
	Journal = {Emerging Infectious Diseases},
	Number = {5},
	Title = {Phylogenetic analysis of a human isolate from the 2000 {Israel} {West Nile} virus epidemic},
	Volume = {8},
	Year = {2002}}

@article{Carpenteretal.2016,
	Author = {Carpenter, Bob and Gelman, Andrew and Hoffman, Matt and Lee, Daniel and Goodrich, Ben and Betancourt, Michael and Brubaker, Michael A and Guo, Jiqiang and Li, Peter and Riddell, Allen},
	Journal = {Journal of Statistical Software},
	Title = {Stan: A probabilistic programming language},
	Year = {2016}}

@article{CarratandFlahault2007,
	Author = {Carrat, Fabrice and Flahault, Antoine},
	Journal = {Vaccine},
	Number = {39},
	Pages = {6852-6862},
	Title = {Influenza vaccine: the challenge of antigenic drift},
	Volume = {25},
	Year = {2007}}

@article{Chavesetal.2010,
	Author = {Chaves, Luis F and Harrington, Laura C and Keogh, Carolyn L and Nguyen, Andy M and Kitron, Uriel D},
	Journal = {Frontiers in Zoology},
	Number = {1},
	Pages = {1},
	Title = {Blood feeding patterns of mosquitoes: random or structured?},
	Volume = {7},
	Year = {2010}}

@article{Ciotaetal.2013a,
	Author = {Ciota, Alexander T and Chin, Pamela A and Kramer, Laura D},
	Journal = {Parasites \& Vectors},
	Pages = {305},
	Title = {The effect of hybridization of {{\em Culex pipiens}} complex mosquitoes on transmission of {West Nile} virus},
	Volume = {6},
	Year = {2013}}

@article{Ciotaetal.2013b,
	Author = {Ciota, Alexander T and Ehrbar, Dylan J and Matacchiero, Amy C and Van Slyke, Greta A and Kramer, Laura D},
	Journal = {BMC Evolutionary Biology},
	Number = {1},
	Pages = {1},
	Title = {The evolution of virulence of {West Nile} virus in a mosquito vector: implications for arbovirus adaptation and evolution},
	Volume = {13},
	Year = {2013}}

@article{Clarketal.2006,
	Author = {Clark, Larry and Hall, Jeffrey and McLean, Robert and Dunbar, Michael and Klenk, Kaci and Bowen, Richard and Smeraski, Cynthia A},
	Journal = {Journal of Wildlife Diseases},
	Number = {1},
	Pages = {14-22},
	Title = {Susceptibility of greater sage-grouse to experimental infection with {West Nile} virus},
	Volume = {42},
	Year = {2006}}

@article{Danforthetal.2015,
	Author = {Danforth, Mary E and Reisen, William K and Barker, Christopher M},
	Journal = {Journal of Medical Entomology},
	Number = {5},
	Pages = {1083-1089},
	Title = {Extrinsic incubation rate is not accelerated in recent {California} strains of {West Nile} virus in {{\em Culex tarsalis}} ({Diptera}: {Culicidae})},
	Volume = {52},
	Year = {2015}}

@article{Davisetal.2005,
	Author = {Davis, C Todd and Ebel, Gregory D and Lanciotti, Robert S and Brault, Aaron C and Guzman, Hilda and Siirin, Marina and Lambert, Amy and Parsons, Ray E and Beasley, David WC and Novak, Robert J},
	Journal = {Virology},
	Number = {2},
	Pages = {252-265},
	Title = {Phylogenetic analysis of {North American} {West Nile} virus isolates, 2001--2004: evidence for the emergence of a dominant genotype},
	Volume = {342},
	Year = {2005}}

@article{DiGiallonardoetal.2016,
	Author = {Di Giallonardo, Francesca and Geoghegan, Jemma L and Docherty, Douglas E and McLean, Robert G and Zody, Michael C and Qu, James and Yang, Xiao and Birren, Bruce W and Malboeuf, Christine M and Newman, Ruchi M},
	Journal = {Journal of Virology},
	Number = {2},
	Pages = {862-872},
	Title = {Fluid Spatial Dynamics of {West Nile Virus} in the {United States}: Rapid Spread in a Permissive Host Environment},
	Volume = {90},
	Year = {2016}}

@article{DobsonandFoufopoulos2001,
	title = {Emerging infectious pathogens of wildlife},
	volume = {356},
	number = {1411},
	journal = {Philosophical Transactions of the Royal Society B: Biological Sciences},
	author = {Dobson, A. and Foufopoulos, J.},
	year = {2001},
	keywords = {BIODIVERSITY, CANINE, DISTEMPER;, ECOLOGY;, EPIZOOTIOLOGY;, LYME-DISEASE;, NILE, parasite, PARVOVIRUS;, PERSISTENCE;, PHOCINE, POPULATION-DYNAMICS;, UNITED-STATES;, VIRUS;, WEST},
	pages = {1001--1012}}

@article{Dodsonetal.2014,
	Author = {Dodson, Brittany L and Hughes, Grant L and Paul, Oluwatobi and Matacchiero, Amy C and Kramer, Laura D and Rasgon, Jason L},
	Journal = {PLoS Neglected Tropical Diseases},
	Number = {7},
	Pages = {e2965},
	Title = {Wolbachia enhances {West Nile} virus (WNV) infection in the mosquito {{\em Culex tarsalis}}},
	Volume = {8},
	Year = {2014}}

@article{Dodsonetal.2011,
	Author = {Dodson, Brittany L and Kramer, Laura D and Rasgon, Jason L},
	Journal = {Vector-Borne and Zoonotic Diseases},
	Number = {11},
	Pages = {1493-1497},
	Title = {Larval nutritional stress does not affect vector competence for {West Nile} virus ({WNV}) in {{\em Culex tarsalis}}},
	Volume = {11},
	Year = {2011}}

@article{Dohmetal.2002,
	Author = {Dohm, David J and O'Guinn, Monica L and Turell, Michael J},
	Journal = {Journal of Medical Entomology},
	Number = {1},
	Pages = {221-225},
	Title = {Effect of environmental temperature on the ability of {{\em Culex pipiens}} ({Diptera}: {Culicidae}) to transmit {West Nile} virus},
	Volume = {39},
	Year = {2002}}

@article{Duggaletal.2014,
	Author = {Duggal, Nisha K and Bosco-Lauth, Angela and Bowen, Richard A and Wheeler, Sarah S and Reisen, William K and Felix, Todd A and Mann, Brian R and Romo, Hannah and Swetnam, Daniele M and Barrett, Alan DT},
	Journal = {PLoS Neglected Tropical Diseases},
	Number = {10},
	Pages = {e3262},
	Title = {Evidence for co-evolution of {West Nile Virus} and house sparrows in {North America}},
	Volume = {8},
	Year = {2014}}

@article{Dwyeretal.1990,
	Author = {Dwyer, Greg and Levin, Simon A and Buttel, Linda},
	Journal = {Ecological Monographs},
	Number = {4},
	Pages = {423-447},
	Title = {A simulation model of the population dynamics and evolution of myxomatosis},
	Volume = {60},
	Year = {1990}}

@article{Ebeletal.2005,
	Author = {Ebel, Gregory D and Rochlin, Ilia and Longacker, Jennifer and Kramer, Laura D},
	Journal = {Journal of Medical Entomology},
	Number = {5},
	Pages = {838-843},
	Title = {{{\em Culex restuans}} ({Diptera}: {Culicidae}) relative abundance and vector competence for {West Nile} virus},
	Volume = {42},
	Year = {2005}}

@article{Elderdetal.2006,
  title={Uncertainty in predictions of disease spread and public health responses to bioterrorism and emerging diseases},
  author={Elderd, Bret D and Dukic, Vanja M and Dwyer, Greg},
  journal={Proceedings of the National Academy of Sciences},
  volume={103},
  number={42},
  pages={15693--15697},
  year={2006},
  publisher={National Acad Sciences}}

@article{Fangetal.2006,
	Author = {Fang, Ying and Reisen, William K},
	Journal = {The American Journal of Tropical Medicine and Hygiene},
	Number = {3},
	Pages = {480-485},
	Title = {Previous infection with {West Nile} or {St. Louis} encephalitis viruses provides cross protection during reinfection in house finches},
	Volume = {75},
	Year = {2006}}

@book{Gelmanetal.2014,
	Author = {Gelman, Andrew and Carlin, John B and Stern, Hal S and Rubin, Donald B},
	Publisher = {Chapman \& Hall/CRC Boca Raton, FL, USA},
	Title = {Bayesian Data Analysis},
	Volume = {2},
	Year = {2014}}

@article{Goddardetal.2002,
	Author = {Goddard, Laura B and Roth, Amy E and Reisen, William K and Scott, Thomas W},
	Journal = {Emerging Infectious Diseases},
	Number = {12},
	Pages = {1385-1391},
	Title = {Vector competence of {California} mosquitoes for {West Nile} virus},
	Volume = {8},
	Year = {2002}}

@article{Goenagaetal.2015,
	Author = {Goenaga, Silvina and Kenney, Joan L and Duggal, Nisha K and Delorey, Mark and Ebel, Gregory D and Zhang, Bo and Levis, Silvana C and Enria, Delia A and Brault, Aaron C},
	Journal = {Viruses},
	Number = {11},
	Pages = {5801-5812},
	Title = {Potential for Co-Infection of a Mosquito-Specific Flavivirus, Nhumirim Virus, to Block {West Nile Virus} Transmission in Mosquitoes},
	Volume = {7},
	Year = {2015}}

@article{Gouldetal.1962,
	Author = {Gould, Douglas J and Barnett, Herbert C and Suyemoto, William},
	Journal = {Transactions of the Royal Society of Tropical Medicine and Hygiene},
	Number = {5},
	Pages = {429-435},
	Title = {Transmission of Japanese encephalitis virus by Culex gelidus Theobald},
	Volume = {56},
	Year = {1962}}

@article{Grinevetal.2016,
	Author = {Grinev, Andriyan and Chancey, Caren and Volkova, Evgeniya and A{\~n}ez, Germ{\'a}n and Heisey, Daniel AR and Winkelman, Valerie and Foster, Gregory A and Williamson, Phillip and Stramer, Susan L and Rios, Maria},
	Journal = {PLoS Neglected Tropical Diseases},
	Number = {5},
	Pages = {e0004717},
	Title = {Genetic Variability of {West Nile Virus} in {US} Blood Donors from the 2012 Epidemic Season},
	Volume = {10},
	Year = {2016}}

@article{Grubaughetal.2015,
	Author = {Grubaugh, Nathan D and Smith, Darci R and Brackney, Doug E and Bosco-Lauth, Angela M and Fauver, Joseph R and Campbell, Corey L and Felix, Todd A and Romo, Hannah and Duggal, Nisha K and Dietrich, Elizabeth A},
	Journal = {PLoS Pathogens},
	Number = {5},
	Pages = {e1004874},
	Title = {Experimental evolution of an {RNA} virus in wild birds: evidence for host-dependent impacts on population structure and competitive fitness},
	Volume = {11},
	Year = {2015}}

@article{Guerrero-Sanchezetal.2011,
	Author = {Guerrero-S{\'a}nchez, Sergio and Cuevas-Romero, Sandra and Nemeth, Nicole M and Trujillo-Olivera, MT and Worwa, Gabriella and Dupuis, Alan and Brault, Aaron C and Kramer, Laura D and Komar, Nicholas and Estrada-Franco, Jose Guillermo},
	Journal = {Emerging Infectious Diseases},
	Number = {12},
	Pages = {2245-2252},
	Title = {{West Nile} virus infection of birds, {Mexico}},
	Volume = {17},
	Year = {2011}}

@article{Hameretal.2009,
	Author = {Hamer, Gabriel L and Kitron, Uriel D and Goldberg, Tony L and Brawn, Jeffrey D and Loss, Scott R and Ruiz, Marilyn O and Hayes, Daniel B and Walker, Edward D},
	Journal = {The American Journal of Tropical Medicine and Hygiene},
	Number = {2},
	Pages = {268-278},
	Title = {Host selection by {{\em Culex pipiens}} mosquitoes and {West Nile} virus amplification},
	Volume = {80},
	Year = {2009}}

@article{Hanleyetal.2005,
	Author = {Hanley, Kathryn A and Goddard, Laura B and Gilmore, Lara E and Scott, Thomas W and Speicher, James and Murphy, Brian R and Pletnev, Alexander G},
	Journal = {Vector-Borne and Zoonotic Diseases},
	Number = {1},
	Pages = {1-10},
	Title = {Infectivity of {West Nile}/dengue chimeric viruses for {West Nile} and dengue mosquito vectors},
	Volume = {5},
	Year = {2005}}

@article{Heffernanetal.2005,
  title={Perspectives on the basic reproductive ratio},
  author={Heffernan, JM and Smith, RJ and Wahl, LM},
  journal={Journal of the Royal Society Interface},
  volume={2},
  number={4},
  pages={281--293},
  year={2005},
  publisher={The Royal Society}}

@article{Johnsonetal.2003,
	Author = {Johnson, BW and Chambers, TV and Crabtree, MB and Arroyo, J and Monath, TP and Miller, BR},
	Journal = {Medical and Veterinary Entomology},
	Number = {3},
	Pages = {235-243},
	Title = {Growth characteristics of the veterinary vaccine candidate {ChimeriVax}{\texttrademark}-{West Nile} ({WN}) virus in \emph{Aedes} and {{\em Culex}} mosquitoes},
	Volume = {17},
	Year = {2003}}

@book{KeelingandRohani2008,
  title={Modeling infectious diseases in humans and animals},
  author={Keeling, Matt J and Rohani, Pejman},
  year={2008},
  publisher={Princeton University Press}}

@article{Kilpatricketal.2006,
	Author = {Kilpatrick, A Marm and Daszak, Peter and Jones, Matthew J and Marra, Peter P and Kramer, Laura D},
	Journal = {Proceedings of the Royal Society of London B: Biological Sciences},
	Number = {1599},
	Pages = {2327-2333},
	Title = {Host heterogeneity dominates {West Nile} virus transmission},
	Volume = {273},
	Year = {2006}}

@article{Kilpatricketal.2010,
	Author = {Kilpatrick, A Marm and Dupuis, Alan P and Chang, Gwong-Jen J and Kramer, Laura D},
	Journal = {Vector-Borne Zoonot},
	Number = {4},
	Pages = {377-380},
	Title = {DNA vaccination of {American} robins ({{\em Turdus migratorius}}) against {West Nile} virus},
	Volume = {10},
	Year = {2010}}

@article{Kilpatricketal.2007,
	Author = {Kilpatrick, A Marm and LaDeau, Shannon L and Marra, Peter P},
	Journal = {Auk},
	Number = {4},
	Pages = {1121-1136},
	Title = {Ecology of {West Nile} virus transmission and its impact on birds in the western hemisphere},
	Volume = {124},
	Year = {2007}}

@article{Kilpatricketal.2008,
	Author = {Kilpatrick, A Marm and Meola, Mark A and Moudy, Robin M and Kramer, Laura D},
	Journal = {PLoS Pathogens},
	Number = {6},
	Pages = {e1000092},
	Title = {Temperature, viral genetics, and the transmission of {West Nile} virus by {{\em Culex pipiens}} mosquitoes},
	Volume = {4},
	Year = {2008}}

@article{Kilpatricketal.2013,
	Author = {Kilpatrick, A Marm and Peters, Ryan J and Dupuis, Alan P and Jones, Matthew J and Daszak, Peter and Marra, Peter P and Kramer, Laura D},
	Journal = {Biological Conservation},
	Pages = {79-85},
	Title = {Predicted and observed mortality from vector-borne disease in wildlife: {West Nile} virus and small songbirds},
	Volume = {165},
	Year = {2013}}

@article{Kinneyetal.2006,
	Author = {Kinney, Richard M and Huang, Claire Y-H and Whiteman, Melissa C and Bowen, Richard A and Langevin, Stanley A and Miller, Barry R and Brault, Aaron C},
	Journal = {Journal of General Virology},
	Number = {12},
	Pages = {3611-3622},
	Title = {Avian virulence and thermostable replication of the {North American} strain of {West Nile} virus},
	Volume = {87},
	Year = {2006}}

@article{Kippetal.2006,
	Author = {Kipp, Aaron M and Lehman, Jennifer A and Bowen, Richard A and Fox, Patricia E and Stephens, Michael R and Klenk, Kaci and Komar, Nicholas and Bunning, Michel L},
	Journal = {The American Journal of Tropical Medicine and Hygiene},
	Number = {4},
	Pages = {688-690},
	Title = {{West Nile} virus quantification in feces of experimentally infected {American} and fish crows},
	Volume = {75},
	Year = {2006}}

@article{Komaretal.2003,
	Author = {Komar, Nicholas and Langevin, Stanley and Hinten, Steven and Nemeth, Nicole and Edwards, Eric and Hettler, Danielle and Davis, Brent and Bowen, Richard and Bunning, Michel},
	Journal = {Emerging Infectious Diseases},
	Number = {3},
	Pages = {311-322},
	Title = {Experimental infection of {North American} birds with the {New York} 1999 strain of {West Nile} virus},
	Volume = {9},
	Year = {2003}}

@article{Komaretal.2005,
	Author = {Komar, Nicholas and Panella, Nicholas A and Langevin, Stanley A and Brault, Aaron C and Amador, Manuel and Edwards, Eric and Owen, Jennifer C},
	Journal = {The American Journal of Tropical Medicine and Hygiene},
	Number = {6},
	Pages = {1031-1037},
	Title = {Avian hosts for {West Nile} virus in {St. Tammany Parish}, {Louisiana}, 2002},
	Volume = {73},
	Year = {2005}}

@article{Kunoetal.1998,
	Author = {Kuno, Goro and Chang, Gwong-Jen J and Tsuchiya, K Richard and Karabatsos, Nick and Cropp, C Bruce},
	Journal = {Journal of Virology},
	Number = {1},
	Pages = {73-83},
	Title = {Phylogeny of the genus \emph{Flavivirus}},
	Volume = {72},
	Year = {1998}}

@article{LaDeauetal.2007,
	Author = {LaDeau, Shannon L and Kilpatrick, A Marm and Marra, Peter P},
	Journal = {Nature},
	Number = {7145},
	Pages = {710-713},
	Title = {{West Nile} virus emergence and large-scale declines of {North American} bird populations},
	Volume = {447},
	Year = {2007}}

@article{Lanciottietal.1999,
	Author = {Lanciotti, RS and Roehrig, JT and Deubel, V and Smith, J and Parker, M and Steele, K and Crise, B and Volpe, KE and Crabtree, MB and Scherret, JH},
	Journal = {Science},
	Number = {5448},
	Pages = {2333-2337},
	Title = {Origin of the {West Nile} virus responsible for an outbreak of encephalitis in the northeastern {United States}},
	Volume = {286},
	Year = {1999}}

@article{Langevinetal.2014,
	Author = {Langevin, Stanley A and Bowen, Richard A and Reisen, William K and Andrade, Christy C and Ramey, Wanichaya N and Maharaj, Payal D and Anishchenko, Michael and Kenney, Joan L and Duggal, Nisha K and Romo, Hannah},
	Journal = {PLoS ONE},
	Number = {6},
	Pages = {e100802},
	Title = {Host competence and helicase activity differences exhibited by {West Nile} viral variants expressing {NS3}-249 amino acid polymorphisms},
	Volume = {9},
	Year = {2014}}

@article{Langevinetal.2005,
	Author = {Langevin, Stanley A and Brault, Aaron C and Panella, Nicholas A and Bowen, Richard A and Komar, Nicholas},
	Journal = {The American Journal of Tropical Medicine and Hygiene},
	Number = {1},
	Pages = {99-102},
	Title = {Variation in virulence of {West Nile} virus strains for house sparrows ({{\em Passer domesticus}})},
	Volume = {72},
	Year = {2005}}
    
@article{LionandBoots2010,
  title={Are parasites ‘‘prudent’’in space?},
  author={Lion, S{\'e}bastien and Boots, Mike},
  journal={Ecology letters},
  volume={13},
  number={10},
  pages={1245--1255},
  year={2010},
  publisher={Wiley Online Library}}

@article{Lossetal.2009,
	Author = {Loss, Scott R and Hamer, Gabriel L and Walker, Edward D and Ruiz, Marilyn O and Goldberg, Tony L and Kitron, Uriel D and Brawn, Jeffrey D},
	Journal = {Oecologica},
	Number = {2},
	Pages = {415-424},
	Title = {Avian host community structure and prevalence of {West Nile} virus in {Chicago}, {Illinois}},
	Volume = {159},
	Year = {2009}}

@article{Mackenzie-Impoinviletal.2015,
	Author = {MACKENZIE-IMPOINVIL, L and Impoinvil, DE and Galbraith, SE and Dillon, RJ and Ranson, Hilary and Johnson, N and Fooks, AR and Solomon, T and Baylis, M},
	Journal = {Medical and Veterinary Entomology},
	Number = {1},
	Pages = {1-9},
	Title = {Evaluation of a temperate climate mosquito, {{\em Ochlerotatus detritus}} (= {{\em Aedes detritus}}), as a potential vector of {Japanese} encephalitis virus},
	Volume = {29},
	Year = {2015}}

@article{McKenzieandGoulet2010,
	title = {Bird community composition linked to human {West} {Nile} virus cases along the {Colorado} front range},
	volume = {7},
	issn = {1612-9210},
	doi = {10.1007/s10393-010-0360-8},
	language = {eng},
	number = {4},
	journal = {EcoHealth},
	author = {McKenzie, Valerie J. and Goulet, Nicolas E.},
	month = dec,
	year = {2010},
	pmid = {21125307},
	keywords = {Altitude, Animals, Bird Diseases, Birds, Colorado, Crows, culicidae, Databases, Factual, Disease Reservoirs, Ecosystem, Environmental Health, Humans, Insect Vectors, Linear Models, Public Health, Risk Assessment, Songbirds, Species Specificity, West Nile Fever, West Nile virus},
	pages = {439--447}}

@article{McMullenetal.2011,
	Author = {McMullen, Allison R and May, Fiona J and Li, Li and Guzman, Hilda and Bueno Jr, Rudy and Dennett, James A and Tesh, Robert B and Barrett, Alan DT},
	Journal = {Emerging Infectious Diseases},
	Title = {Evolution of new genotype of West Nile Virus in North America},
	Year = {2011},
	Number = {17},
	Pages = {785-793},
	Volume = {5}}

@article{Melianetal.2014,
	Author = {Melian, Ezequiel Balmori and Hall-Mendelin, Sonja and Du, Fangyao and Owens, Nick and Bosco-Lauth, Angela M and Nagasaki, Tomoko and Rudd, Stephen and Brault, Aaron C and Bowen, Richard A and Hall, Roy A},
	Journal = {PLoS Pathogens},
	Number = {11},
	Pages = {e1004447},
	Title = {Programmed ribosomal frameshift alters expression of {West Nile Virus} genes and facilitates virus replication in birds and mosquitoes},
	Volume = {10},
	Year = {2014}}

@article{Moudyetal.2007,
	Author = {Moudy, Robin M and Meola, Mark A and Morin, Laura-Lee L and Ebel, Gregory D and Kramer, Laura D},
	Journal = {The American Journal of Tropical Medicine and Hygiene},
	Number = {2},
	Pages = {365-370},
	Title = {A newly emergent genotype of {West Nile} virus is transmitted earlier and more efficiently by {{\em Culex}} mosquitoes},
	Volume = {77},
	Year = {2007}}

@article{Moudyetal.2009,
	Author = {Moudy, Robin M and Zhang, Bo and Shi, Pei-Yong and Kramer, Laura D},
	Journal = {Virology},
	Number = {1},
	Pages = {222-228},
	Title = {{West Nile} virus envelope protein glycosylation is required for efficient viral transmission by {{\em Culex}} vectors},
	Volume = {387},
	Year = {2009}}

@article{Muangmanetal.1972,
	Author = {Muangman, Debhanom and Edelman, Robert and Sullivan, Michael J and Gould, Douglas J},
	Journal = {The American Journal of Tropical Medicine and Hygiene},
	Number = {4},
	Pages = {482-6},
	Title = {Experimental transmission of Japanese encephalitis virus by Culex fuscocephala},
	Volume = {21},
	Year = {1972}}

@article{Nemethetal.2011,
	Author = {Nemeth, NM and Thomsen, BV and Spraker, TR and Benson, JM and Bosco-Lauth, AM and Oesterle, PT and Bright, JM and Muth, JP and Campbell, TW and Gidlewski, TL},
	Journal = {Veterinary Pathology},
	Number = {6},
	Pages = {1061-1074},
	Title = {Clinical and pathologic responses of {American} crows ({{\em Corvus brachyrhynchos}}) and fish crows ({{\em C. ossifragus}}) to experimental {West Nile} virus infection},
	Volume = {48},
	Year = {2011}}

@article{Nemethetal.2006,
	Author = {Nemeth, Nicole M and Hahn, D Caldwell and Gould, Daniel H and Bowen, Richard A},
	Journal = {Avian Diseases},
	Number = {2},
	Pages = {252-258},
	Title = {Experimental {West Nile} virus infection in eastern screech owls ({{\em Megascops asio}})},
	Volume = {50},
	Year = {2006}}

@article{Nemethetal.2009,
	Author = {Nemeth, Nicole M and Oesterle, Paul T and Bowen, Richard A},
	Journal = {The American Journal of Tropical Medicine and Hygiene},
	Number = {5},
	Pages = {864-869},
	Title = {Humoral immunity to {West Nile} virus is long-lasting and protective in the house sparrow ({{\em Passer domesticus}})},
	Volume = {80},
	Year = {2009}}

@article{Newmanetal.2011,
	Author = {Newman, Christina M and Cerutti, Francesco and Anderson, Tavis K and Hamer, Gabriel L and Walker, Edward D and Kitron, Uriel D and Ruiz, Marilyn O and Brawn, Jeffery D and Goldberg, Tony L},
	Journal = {Vector-Borne and Zoonotic Diseases},
	Number = {8},
	Pages = {1099-1105},
	Title = {{{\em Culex}} flavivirus and {West Nile} virus mosquito coinfection and positive ecological association in {Chicago}, {United States}},
	Volume = {11},
	Year = {2011}}

@article{Oesterleetal.2009,
	Author = {Oesterle, Paul T and Nemeth, Nicole M and VanDalen, Kaci and Sullivan, Heather and Bentler, Kevin T and Young, Ginger R and McLean, Robert G and Clark, Larry and Smeraski, Cynthia and Hall, Jeffrey S},
	Journal = {The American Journal of Tropical Medicine and Hygiene},
	Number = {6},
	Pages = {1159-1164},
	Title = {Experimental infection of cliff swallows (Petrochelidon pyrrhonota) with varying doses of {West Nile} virus},
	Volume = {81},
	Year = {2009}}

@article{Ostroff2013,
	Author = {Ostroff, Stephen M},
	Journal = {JAMA},
	Number = {3},
	Pages = {267-268},
	Title = {{West Nile Virus}: Too Important to Forget},
	Volume = {310},
	Year = {2013}}

@article{Owenetal.2006,
	Author = {Owen, Jennifer and Moore, Frank and Panella, Nicholas and Edwards, Eric and Bru, Rachel and Hughes, Megan and Komar, Nicholas},
	Journal = {EcoHealth},
	Number = {2},
	Pages = {79-85},
	Title = {Migrating birds as dispersal vehicles for {West Nile} virus},
	Volume = {3},
	Year = {2006}}

@article{Owenetal.2012,
	Author = {Owen, Jennifer C and Nakamura, Ayaka and Coon, Courtney AC and Martin, Lynn B},
	Journal = {Veterinary Research},
	Number = {1},
	Pages = {34},
	Title = {The effect of exogenous corticosterone on {West Nile} virus infection in Northern Cardinals ({{\em Cardinalis cardinalis}})},
	Volume = {43},
	Year = {2012}}

@article{Petersonetal.2013,
	Author = {Petersen, Lyle R and Brault, Aaron C and Nasci, Roger S},
	Journal = {JAMA},
	Number = {3},
	Pages = {308-315},
	Title = {{West Nile} virus: review of the literature},
	Volume = {310},
	Year = {2013}}

@misc{RCoreTeam2015,
  title={R: A language and environment for statistical computing},
  author={Team, R Core and others},
  year={2013},
  publisher={Vienna, Austria}}
  
@article{Raabergetal.2009,
  title={Decomposing health: tolerance and resistance to parasites in animals},
  author={R{\aa}berg, Lars and Graham, Andrea L and Read, Andrew F},
  journal={Philosophical Transactions of the Royal Society of London B: Biological Sciences},
  volume={364},
  number={1513},
  pages={37--49},
  year={2009},
  publisher={The Royal Society}}
  
@article{Reisenetal.2005,
	Author = {Reisen, WK and Fang, Y and Martinez, VM},
	Journal = {Journal of Medical Entomology},
	Number = {3},
	Pages = {367-375},
	Title = {Avian host and mosquito ({Diptera}: {Culicidae}) vector competence determine the efficiency of {West Nile} and {St. Louis} encephalitis virus transmission},
	Volume = {42},
	Year = {2005}}

@article{Reisenetal.2008,
	Author = {Reisen, William K and Barker, Christopher M and Fang, Ying and Martinez, Vincent M},
	Journal = {Journal of Medical Entomology},
	Number = {6},
	Pages = {1126-1138},
	Title = {Does variation in {{\em Culex}} ({Diptera}: {Culicidae}) vector competence enable outbreaks of {West Nile} virus in {California}?},
	Volume = {45},
	Year = {2008}}

@article{ReisenandFang2007,
	Author = {Reisen, William K and Fang, Ying},
	Journal = {Journal of Medical Entomology},
	Number = {2},
	Pages = {316-319},
	Title = {Does feeding on infected mosquitoes ({Diptera}: {Culicidae}) enhance the role of song sparrows in the transmission of arboviruses in {California}?},
	Volume = {44},
	Year = {2007}}

@article{Reisenetal.2006a,
	Author = {Reisen, William K and Fang, Ying and Lothrop, Hugh D and Martinez, Vincent M and Wilson, Jennifer and O'Connor, Paul and Carney, Ryan and Cahoon-Young, Barbara and Shafii, Marzieh and Brault, Aaron C},
	Journal = {Journal of Medical Entomology},
	Number = {2},
	Pages = {344-355},
	Title = {Overwintering of {West Nile} virus in southern {California}},
	Volume = {43},
	Year = {2006}}

@article{Reisenetal.2006b,
	Author = {Reisen, William K and Fang, Ying and Martinez, Vincent M},
	Journal = {Journal of the American Mosquito Control Association},
	Number = {4},
	Pages = {662-665},
	Title = {Vector competence of {{\em Culiseta incidens}} and {{\em Culex thriambus}} for {West Nile Virus} 1},
	Volume = {22},
	Year = {2006}}
	
@article{IslamandShepherd1991,
  title={Present status of genetics of rust resistance in flax},
  author={Islam, MR and Shepherd, KW},
  journal={Euphytica},
  volume={55},
  number={3},
  pages={255--267},
  year={1991},
  publisher={Springer}}

@article{ReisenandHahn2007,
	Author = {Reisen, William K and Hahn, D Caldwell},
	Journal = {Journal of Wildlife Diseases},
	Number = {3},
	Pages = {439-449},
	Title = {Comparison of immune responses of brown-headed cowbird and related blackbirds to {West Nile} and other mosquito-borne encephalitis viruses},
	Volume = {43},
	Year = {2007}}

@article{Richardsetal.2014,
	Author = {Richards, Stephanie L and Anderson, Sheri L and Lord, Cynthia C},
	Journal = {Tropical Medicine and International Health},
	Number = {5},
	Pages = {610-617},
	Title = {Vector competence of {{\em Culex pipiens quinquefasciatus}} ({Diptera}: {Culicidae}) for {West Nile} virus isolates from {Florida}},
	Volume = {19},
	Year = {2014}}

@article{Richardsetal.2010,
	Author = {Richards, Stephanie L and Lord, Cynthia C and Pesko, Kendra N and Tabachnick, Walter J},
	Journal = {The American Journal of Tropical Medicine and Hygiene},
	Number = {1},
	Pages = {126-134},
	Title = {Environmental and biological factors influencing {{\em Culex pipiens quinquefasciatus}} ({Diptera}: {Culicidae}) vector competence for {West Nile Virus}},
	Volume = {83},
	Year = {2010}}

@article{Richardsetal.2007,
	Author = {Richards, Stephanie L and Mores, Christopher N and Lord, Cynthia C and Tabachnick, Walter J},
	Journal = {Vector-Borne and Zoonotic Diseases},
	Number = {4},
	Pages = {629-636},
	Title = {Impact of extrinsic incubation temperature and virus exposure on vector competence of {{\em Culex pipiens quinquefasciatus}} Say ({Diptera}: {Culicidae}) for {West Nile} virus},
	Volume = {7},
	Year = {2007}}

@article{Roberts2007,
  title={The pluses and minuses of {R}0},
  author={Roberts, MG},
  journal={Journal of the Royal Society Interface},
  volume={4},
  number={16},
  pages={949--961},
  year={2007},
  publisher={The Royal Society}}

@article{RuelandAyres1999,
  title={Jensen’s inequality predicts effects of environmental variation},
  author={Ruel, Jonathan J and Ayres, Matthew P},
  journal={Trends in Ecology \& Evolution},
  volume={14},
  number={9},
  pages={361--366},
  year={1999},
  publisher={Elsevier}}

@article{Ruizetal.2010,
	Author = {Ruiz, Marilyn O and Chaves, Luis F and Hamer, Gabriel L and Sun, Ting and Brown, William M and Walker, Edward D and Haramis, Linn and Goldberg, Tony L and Kitron, Uriel D},
	Journal = {Parasites \& Vectors},
	Number = {1},
	Pages = {1},
	Title = {Local impact of temperature and precipitation on {West Nile} virus infection in {{\em Culex}} species mosquitoes in northeast {Illinois}, {USA}},
	Volume = {3},
	Year = {2010}}

@article{Ruybaletal.2016,
	Author = {Ruybal, Jordan E and Kramer, Laura D and Kilpatrick, A Marm},
	Date-Modified = {2016-07-06 17:20:29 +0000},
	Journal = {Parasites \& Vectors},
	Number = {1},
	Pages = {1},
	Title = {Geographic variation in the response of {{\em Culex pipiens}} life history traits to temperature},
	Volume = {9},
	Year = {2016}}

@article{SardelisandTurell2001,
	Author = {Sardelis, MICHAEL R and Turell, MICHAEL J},
	Journal = {Journal of the American Mosquito Control Association},
	Number = {2},
	Pages = {137-141},
	Title = {{{\em Ochlerotatus j. japonicus}} in {Frederick County}, {Maryland}: discovery, distribution, and vector competence for {West Nile} virus},
	Volume = {17},
	Year = {2001}}

@article{Sardelisetal.2001,
	Author = {Sardelis, Michael R and Turell, Michael J and Dohm, David J and O'Guinn, Monica L},
	Journal = {Emerging Infectious Diseases},
	Number = {6},
	Pages = {1018},
	Title = {Vector competence of selected {North American} {{\em Culex}} and {{\em Coquillettidia}} mosquitoes for {West Nile} virus},
	Volume = {7},
	Year = {2001}}

@article{Savageetal.2007,
	Author = {Savage, Harry M and Aggarwal, Deepak and Apperson, Charles S and Katholi, Charles R and Gordon, Emily and Hassan, Hassan K and Anderson, Michael and Charnetzky, Dawn and McMillen, Larry and Unnasch, Emily A},
	Journal = {Vector-Borne and Zoonotic Diseases},
	Number = {3},
	Pages = {365-386},
	Title = {Host choice and {West Nile} virus infection rates in blood-fed mosquitoes, including members of the {{\em Culex pipiens}} complex, from {Memphis} and {Shelby County}, {Tennessee}, 2002-2003},
	Volume = {7},
	Year = {2007}}

@article{Simpsonetal.2009,
	Author = {Simpson, Jennifer E and Folsom-O'Keefe, Corrine M and Childs, James E and Simons, Leah E and Andreadis, Theodore G and Diuk-Wasser, Maria A},
	Journal = {PLoS ONE},
	Number = {11},
	Pages = {e7861},
	Title = {Avian host-selection by {{\em Culex pipiens}} in experimental trials},
	Volume = {4},
	Year = {2009}}

@article{Simpsonetal.2012,
	Author = {Simpson, Jennifer E and Hurtado, Paul J and Medlock, Jan and Molaei, Goudarz and Andreadis, Theodore G and Galvani, Alison P and Diuk-Wasser, Maria A},
	Journal = {Proceedings of the Royal Society of London B: Biological Sciences},
	Number = {1730},
	Pages = {925-933},
	Title = {Vector host-feeding preferences drive transmission of multi-host pathogens: {West Nile} virus as a model system},
	Volume = {279},
	Year = {2012}}
    
@article{Smith1904,
  title={Some problems in the life history of pathogenic microorganisms},
  author={Smith, Theobald},
  journal={Science},
  pages={817--832},
  year={1904},
  publisher={JSTOR}}

@article{Smithetal.2012,
	Author = {Smith, David L and Battle, Katherine E and Hay, Simon I and Barker, Christopher M and Scott, Thomas W and McKenzie, F Ellis},
	Journal = {PLoS Pathogens},
	Number = {4},
	Pages = {e1002588},
	Title = {{Ross}, {Macdonald}, and a theory for the dynamics and control of mosquito-transmitted pathogens},
	Volume = {8},
	Year = {2012}}

@article{Snapinnetal.2007,
	Author = {Snapinn, Katherine W and Holmes, Edward C and Young, David S and Bernard, Kristen A and Kramer, Laura D and Ebel, Gregory D},
	Journal = {Journal of Virology.},
	Number = {5},
	Pages = {2531-2534},
	Title = {Declining growth rate of {West Nile} virus in {North America}},
	Volume = {81},
	Year = {2007}}

@Misc{StanDevelopmentTeam2015,
    title = {Stan: A {C++} Library for Probability and Sampling, Version
      2.10.0},
    author = {{Stan Development Team}},
    year = {2015},
    url = {http://mc-stan.org/},
  }

@article{Styeretal.2007,
	Author = {Styer, Linda M and Kent, Kim A and Albright, Rebecca G and Bennett, Corey J and Kramer, Laura D and Bernard, Kristen A},
	Journal = {PLoS Pathogens},
	Number = {9},
	Pages = {e132},
	Title = {Mosquitoes inoculate high doses of {West Nile} virus as they probe and feed on live hosts},
	Volume = {3},
	Year = {2007}}

@article{Thiemannetal.2011,
	Author = {Thiemann, Tara C and Wheeler, Sarah S and Barker, Christopher M and Reisen, William K},
	Journal = {PLoS Neglected Tropical Diseases},
	Number = {12},
	Pages = {e1452},
	Title = {Mosquito host selection varies seasonally with host availability and mosquito density},
	Volume = {5},
	Year = {2011}}

@article{Tiawsirisupetal.2005,
	Author = {Tiawsirisup, Sonthaya and Platt, Kenneth B and Evans, Richard B and Rowley, Wayne A},
	Journal = {Vector-Borne and Zoonotic Diseases},
	Number = {1},
	Pages = {40-47},
	Title = {A comparision of {West Nile Virus} transmission by {{\em Ochlerotatus trivittatus}} (COQ.), {{\em Culex pipiens}} ({L.}), and {{\em Aedes albopictus}} (Skuse)},
	Volume = {5},
	Year = {2005}}

@article{Tsetsarkinetal.2014,
	Author = {Tsetsarkin, Konstantin A and Chen, Rubing and Yun, Ruimei and Rossi, Shannan L and Plante, Kenneth S and Guerbois, Mathilde and Forrester, Naomi and Perng, Guey Chuen and Sreekumar, Easwaran and Leal, Grace},
	Journal = {Nature Communications},
	Title = {Multi-peaked adaptive landscape for chikungunya virus evolution predicts continued fitness optimization in {{\em Aedes albopictus}} mosquitoes},
	Volume = {5},
	Year = {2014}}

@article{Tsetsarkinetal.2007,
	Author = {Tsetsarkin, Konstantin A and Vanlandingham, Dana L and McGee, Charles E and Higgs, Stephen},
	Journal = {PLoS Pathogens},
	Number = {12},
	Pages = {e201},
	Title = {A single mutation in chikungunya virus affects vector specificity and epidemic potential},
	Volume = {3},
	Year = {2007}}

@article{Turelletal.2000,
	Author = {Turell, Michael J and O'Guinn, MONICA and Oliver, JOANNE},
	Journal = {The American Journal of Tropical Medicine and Hygiene},
	Number = {3},
	Pages = {413-414},
	Title = {Potential for {New York} mosquitoes to transmit {West Nile} virus},
	Volume = {62},
	Year = {2000}}

@article{Turelletal.2001,
	Author = {Turell, Michael J and O'Guinn, Monica L and Dohm, David J and Jones, James W},
	Journal = {Journal of Medical Entomology},
	Number = {2},
	Pages = {130-134},
	Title = {Vector competence of {North American} mosquitoes ({Diptera}: {Culicidae}) for {West Nile} virus},
	Volume = {38},
	Year = {2001}}

@article{VaidyanathanandScott2006,
  title={Seasonal variation in susceptibility to {West Nile} virus infection in {{\em Culex pipiens pipiens}} ({L.}) ({Diptera}: {Culicidae}) from {San Joaquin County}, {California}},
  author={Vaidyanathan, Rajeev and Scott, Thomas W},
  journal={Journal of Vector Ecology},
  volume={31},
  number={2},
  pages={423--425},
  year={2006},
  publisher={BioOne}}

@article{VanDenHurketal.2003,
	Author = {Van Den Hurk, AF and Nisbet, DJ and Hall, RA and Kay, BH and Mackenzie, JS and Ritchie, SA},
	Journal = {Journal of Medical Entomology},
	Number = {1},
	Pages = {82-90},
	Title = {Vector competence of Australian mosquitoes ({Diptera}: {Culicidae}) for {Japanese} encephalitis virus},
	Volume = {40},
	Year = {2003}}

@article{VanDalenetal.2013,
	Author = {VanDalen, Kaci K and Hall, Jeffrey S and Clark, Larry and McLean, Robert G and Smeraski, Cynthia},
	Journal = {PLoS ONE},
	Number = {7},
	Pages = {e68537},
	Title = {{West Nile} virus infection in {American} robins: new insights on dose response},
	Volume = {8},
	Year = {2013}}

@article{Vanlandinghametal.2007,
	Author = {Vanlandingham, Dana L and McGee, Charles E and Klinger, Kimberly A and Vessey, Nathan and Fredregillo, Chris and Higgs, Stephen},
	Journal = {The American Journal of Tropical Medicine and Hygiene},
	Number = {5},
	Pages = {925-928},
	Title = {Relative susceptibilties of {South Texas} mosquitoes to infection with {West Nile} virus},
	Volume = {77},
	Year = {2007}}

@article{Vanlandinghametal.2008,
	Author = {Vanlandingham, Dana L and McGee, Charles E and Klingler, Kimberly A and Galbraith, Sareen E and Barrett, Alan DT and Higgs, Stephen},
	Journal = {The American Journal of Tropical Medicine and Hygiene},
	Number = {6},
	Pages = {951-954},
	Title = {Comparison of oral infectious dose of {West Nile} virus isolates representing three distinct genotypes in {{\em Culex quinquefasciatus}}},
	Volume = {79},
	Year = {2008}}

@article{Vanlandinghametal.2004,
	Author = {Vanlandingham, Dana L and Schneider, Bradley S and Klingler, Kimberly and Fair, Joseph and Beasley, David and Huang, Jing and Hamilton, Patricia and Higgs, Stephen},
	Journal = {The American Journal of Tropical Medicine and Hygiene},
	Number = {1},
	Pages = {120-123},
	Title = {Real-Time reverse transcriptase--polymerase chain reaction quantification of {West Nile} virus transmitted by {{\em Culex pipiens quinquefasciatus}}},
	Volume = {71},
	Year = {2004}}
    
@article{vanBaalen2002,
  title={Contact networks and the evolution of virulence},
  author={van Baalen, Minus},
  journal={Adaptive dynamics of infectious diseases: in pursuit of virulence management. Cambridge University Press, Cambridge},
  pages={85--103},
  year={2002},
  publisher={Citeseer}}

@book{Vinogradova2000,
  title={Culex pipiens pipiens mosquitoes: taxonomy, distribution, ecology, physiology, genetics, applied importance and control},
  author={Vinogradova, Elena Borisovna},
  number={2},
  year={2000},
  publisher={Pensoft Publishers}}

@article{Wonhametal.2004,
  title={An epidemiological model for West Nile virus: invasion analysis and control applications},
  author={Wonham, Marjorie J and de-Camino-Beck, Tomas and Lewis, Mark A},
  journal={Proceedings of the Royal Society of London B: Biological Sciences},
  volume={271},
  number={1538},
  pages={501--507},
  year={2004},
  publisher={The Royal Society}}

@article{Wonhametal.2006,
  title={Transmission assumptions generate conflicting predictions in host--vector disease models: a case study in West Nile virus},
  author={Wonham, Marjorie J and Lewis, Mark A and Renc{\l}awowicz, Joanna and Van den Driessche, P},
  journal={Ecology letters},
  volume={9},
  number={6},
  pages={706--725},
  year={2006},
  publisher={Wiley Online Library}}

@article{Worwaetal.2015,
	Author = {Worwa, Gabriella and Wheeler, Sarah S and Brault, Aaron C and Reisen, William K},
	Journal = {PLoS ONE},
	Number = {5},
	Pages = {e0125668},
	Title = {Comparing Competitive Fitness of {West Nile Virus} Strains in Avian and Mosquito Hosts},
	Volume = {10},
	Year = {2015}}

@article{Zhuetal.1998,
	Author = {Zhu, Tuofu and Korber, Bette T and Nahmias, Andre J and Hooper, Edward and Sharp, Paul M and Ho, David D},
	Journal = {Nature},
	Number = {6667},
	Pages = {594-597},
	Title = {An {African} {HIV}-1 sequence from 1959 and implications for the origin of the epidemic},
	Volume = {391},
	Year = {1998}}

@article{Ziegleretal.2013,
	Author = {Ziegler, Ute and Angenvoort, Joke and Fischer, Dominik and Fast, Christine and Eiden, Martin and Rodriguez, Ariel V and Revilla-Fern{\'a}ndez, Sandra and Nowotny, Norbert and de la Fuente, Jorge Garc{\'\i}a and Lierz, Michael},
	Journal = {Veterinary Microbiology},
	Number = {3},
	Pages = {263-273},
	Title = {Pathogenesis of {West Nile} virus lineage 1 and 2 in experimentally infected large falcons},
	Volume = {161},
	Year = {2013}}

@article{Belletal.2006,
  title={West Nile virus epizootiology, central Red River Valley, North Dakota and Minnesota, 2002--2005},
  author={Bell, Jeffrey A and Brewer, Christina M and Mickelson, Nathan J and Garman, Gabriel W and Vaughan, Jefferson A},
  journal={Emerg Infect Dis},
  volume={12},
  number={8},
  pages={1245--1247},
  year={2006}}

@article{Bernardetal.2001,
  title={West Nile virus infection in birds and mosquitoes, New York State, 2000.},
  author={Bernard, Kristen A and Maffei, Joseph G and Jones, Susan A and Kauffman, Elizabeth B and Ebel, G and Dupuis 2nd, AP and Ngo, Kiet A and Nicholas, David C and Young, Donna M and Shi, Pei-Yong and others},
  journal={Emerging infectious diseases},
  volume={7},
  number={4},
  pages={679},
  year={2001},
  publisher={Centers for Disease Control and Prevention}}

@article{Beverothetal.2006,
  title={Changes in seroprevalence of West Nile virus across Illinois in free-ranging birds from 2001 through 2004},
  author={Beveroth, Tara A and Ward, Michael P and Lampman, Richard L and Ringia, Adam M and Novak, Robert J},
  journal={The American journal of tropical medicine and hygiene},
  volume={74},
  number={1},
  pages={174--179},
  year={2006},
  publisher={ASTMH}}

@article{Chavesetal.2016,
  title={West Nile Virus in Resident Birds from Yucatan, Mexico},
  author={Chaves, Andrea and Sotomayor-Bonilla, Jesus and Monge, Otto and Ram{\'\i}rez, Abiga{\'\i}l and Galindo, Francisco and Sarmiento-Silva, Rosa Elena and Guti{\'e}rrez-Espeleta, Gustavo A and Suz{\'a}n, Gerardo},
  journal={Journal of wildlife diseases},
  volume={52},
  number={1},
  pages={159--163},
  year={2016},
  publisher={BioOne}}

@article{Duseketal.2009,
  title={Prevalence of West Nile virus in migratory birds during spring and fall migration},
  author={Dusek, Robert J and McLean, Robert G and Kramer, Laura D and Ubico, Sonya R and Dupuis, Alan P and Ebel, Gregory D and Guptill, Stephen C},
  journal={The American journal of tropical medicine and hygiene},
  volume={81},
  number={6},
  pages={1151--1158},
  year={2009},
  publisher={ASTMH}}

@article{Komaretal.2001,
  title={West Nile virus surveillance using sentinel birds},
  author={Komar, Nicholas},
  journal={Annals of the New York Academy of Sciences},
  volume={951},
  number={1},
  pages={58--73},
  year={2001},
  publisher={Wiley Online Library}}

@article{O'Brienetal.2010,
  title={Prevalence and pathology of West Nile virus in naturally infected house sparrows, western Nebraska, 2008},
  author={O'Brien, Valerie A and Meteyer, Carol U and Reisen, William K and Ip, Hon S and Brown, Charles R},
  journal={The American journal of tropical medicine and hygiene},
  volume={82},
  number={5},
  pages={937--944},
  year={2010},
  publisher={ASTMH}}

@article{Reisenetal.2006,
  title={Overwintering of West Nile virus in southern California},
  author={Reisen, William K and Fang, Ying and Lothrop, Hugh D and Martinez, Vincent M and Wilson, Jennifer and O'Connor, Paul and Carney, Ryan and Cahoon-Young, Barbara and Shafii, Marzieh and Brault, Aaron C},
  journal={Journal of Medical Entomology},
  volume={43},
  number={2},
  pages={344--355},
  year={2006},
  publisher={The Oxford University Press}}

@article{Ringiaetal.2004,
  title={Antibody prevalence of West Nile virus in birds, Illinois, 2002},
  author={Ringia, Adam M and Blitvich, Bradley J and Koo, Hyun-Young and Van de Wyngaerde, Marshall and Brawn, Jeff D and Novak, Robert J},
  journal={Emerg Infect Dis},
  volume={10},
  number={6},
  pages={1120--4},
  year={2004}}

@article{Reisenetal.2004,
  title={West Nile virus in California},
  author={Reisen, William and Lothrop, Hugh and Chiles, Robert and Madon, Minoo and Cossen, Cynthia and Woods, Leslie and Husted, Stan and Kramer, Vicki and Edman, John},
  journal={Emerging infectious diseases},
  volume={10},
  pages={1369--1378},
  year={2004},
  publisher={NATIONAL CENTER FOR INFECTIOUS DISEASES}}

@article{Bailey1982,
  title={The biomathematics of malaria. The Biomathematics of Diseases: 1.},
  author={Bailey, Norman TJ and others},
  journal={The biomathematics of malaria. The Biomathematics of Diseases: 1.},
  year={1982},
  publisher={Charles Griffin \& Co. Ltd., Charles Griffin House, Crendon Street, High Wycombe, Bucks, HP13 6LE, England}}

@article{Fornonietal.2004,
  title={Evolution of mixed strategies of plant defense allocation against natural enemies},
  author={Fornoni, Juan and N{\'u}{\~n}ez-Farf{\'a}n, Juan and Luis Valverde, Pedro and Rausher, Mark D and Fenster, C},
  journal={Evolution},
  volume={58},
  number={8},
  pages={1685--1695},
  year={2004},
  publisher={BioOne}}
  
  @article{Rohretal.2010,
  title={Developmental variation in resistance and tolerance in a multi-host--parasite system},
  author={Rohr, Jason R and Raffel, Thomas R and Hall, Callyn A},
  journal={Functional Ecology},
  volume={24},
  number={5},
  pages={1110--1121},
  year={2010},
  publisher={Wiley Online Library}}
  
  @article{AyresandSchneider2012,
  title={Tolerance of infections},
  author={Ayres, Janelle S and Schneider, David S},
  journal={Annual review of immunology},
  volume={30},
  pages={271--294},
  year={2012},
  publisher={Annual Reviews}}
  
  @article{CarvalandFerriere2010,
  title={A unified model for the coevolution of resistance, tolerance, and virulence},
  author={Carval, Dominique and Ferriere, Regis},
  journal={Evolution},
  volume={64},
  number={10},
  pages={2988--3009},
  year={2010},
  publisher={Wiley Online Library}}
  
@article{LongandGraham2011,
  title={Consequences of immunopathology for pathogen virulence evolution and public health: malaria as a case study},
  author={Long, Gr{\'a}inne H and Graham, Andrea L},
  journal={Evolutionary Applications},
  volume={4},
  number={2},
  pages={278--291},
  year={2011},
  publisher={Wiley Online Library}}
  
  @article{Igietsemeetal.2009,
  title={Role of T lymphocytes in the pathogenesis of Chlamydia disease},
  author={Igietseme, Joseph U and He, Qing and Joseph, Kahaliah and Eko, Francis O and Lyn, Deborah and Ananaba, Godwin and Campbell, Angela and Bandea, Claudiu and Black, Carolyn M},
  journal={Journal of Infectious Diseases},
  volume={200},
  number={6},
  pages={926--934},
  year={2009},
  publisher={Oxford University Press}}
  
  @article{Auldetal.2010,
  title={Genetic variation in the cellular response of Daphnia magna (Crustacea: Cladocera) to its bacterial parasite},
  author={Auld, Stuart KJR and Scholefield, Jennifer A and Little, Tom J},
  journal={Proceedings of the Royal Society of London B: Biological Sciences},
  pages={rspb20100772},
  year={2010},
  publisher={The Royal Society}}
  
  @article{Athanasiadouetal.2015,
  title={Tolerance and resistance to a nematode challenge are not always mutually exclusive},
  author={Athanasiadou, Spiridoula and Tolossa, Ketema and Debela, Etana and Tolera, Adugna and Houdijk, Jos GM},
  journal={International journal for parasitology},
  volume={45},
  number={4},
  pages={277--282},
  year={2015},
  publisher={Elsevier}}
  
  @inproceedings{Maze-Guilmoetal.2014,
  title={Heritable variation in host tolerance and resistance inferred from a wild host--parasite system},
  author={Maz{\'e}-Guilmo, Elise and Loot, G{\'e}raldine and P{\'a}ez, David J and Lef{\`e}vre, Thierry and Blanchet, Simon},
  booktitle={Proc. R. Soc. B},
  volume={281},
  number={1779},
  pages={20132567},
  year={2014},
  organization={The Royal Society}}